Copyright (c) 2020 Carl Martin Ludvig Sinander.

This program is free software: you can redistribute it and/or modify
it under the terms of the GNU General Public License as published by
the Free Software Foundation, either version 3 of the License, or
(at your option) any later version.

This program is distributed in the hope that it will be useful,
but WITHOUT ANY WARRANTY; without even the implied warranty of
MERCHANTABILITY or FITNESS FOR A PARTICULAR PURPOSE. See the
GNU General Public License for more details.

You should have received a copy of the GNU General Public License
along with this program. If not, see <https://www.gnu.org/licenses/>.


Economics BibTeX bibliography
Ludvig Sinander
Started 12 Dec 2013
Note well: this has to be encoded in UTF-8 (NOT UTF-16)


-------------
abbreviations

journals
@string{ecta	= "Econometrica"									}
@string{aer 	= "American Economic Review"						}
@string{jpe		= "Journal of Political Economy"					}
@string{qje		= "Quarterly Journal of Economics"					}
@string{restud	= "Review of Economic Studies"						}
@string{ej		= "The Economic Journal"							}
@string{jeea	= "Journal of the European Economic Association"	}
@string{jbes	= "Journal of Business \& Economic Statistics"		}
@string{ier		= "International Economic Review"					}
@string{jel		= "Journal of Economic Literature"					}
@string{jep		= "Journal of Economic Perspectives"				}
@string{jet		= "Journal of Economic Theory"						}
@string{geb		= "Games and Economic Behavior"						}
@string{ijgt	= "International Journal of Game Theory"			}
@string{jme 	= "Journal of Monetary Economics"					}
@string{jmcb 	= "Journal of Money, Credit and Banking"			}
@string{jedc 	= "Journal of Economic Dynamics and Control"		}
@string{red 	= "Review of Economic Dynamics"						}
@string{jpub	= "Journal of Public Economics"						}
@string{jfe		= "Journal of Financial Economics"					}
@string{jf		= "Journal of Finance"								}
@string{pnas	= "Proceedings of the National Academy of Sciences"	}
@string{te		= "Theoretical Economics"							}
@string{qe		= "Quantitative Economics"							}
@string{jasa	= "Journal of the American Statistical Association"	}

publishers
@string{oup		= "Oxford University Press"			}
@string{pup		= "Princeton University Press"		}
@string{cup		= "Cambridge University Press"		}
@string{mit		= "MIT Press"						}
@string{hup		= "Harvard University Press"		}


----------------
published papers

@article{AbadieDiamondHainmueller2010,
	author		= "Alberto Abadie and Alexis Diamond and Jens Hainmüller",
	year		= "2010",
	title		= "Synthetic control methods for comparative case studies",
	subtitle	= "Estimating the effect of {C}alifornia's tobacco control program",
	journaltitle= jasa,
	volume		= "105",
	number		= "490",
	pages		= "493--505",
	langid		= "american",
}

@article{AbdulkadirogluCheYasuda2011,
	author		= "Atila Abdulkadiro\u{g}lu and Yeon-Koo Che and Yosuke Yasuda",
	year		= "2011",
	title		= "Resolving conflicting preferences in school choice",
	subtitle	= "The `{B}oston mechanism' reconsidered",
	journaltitle= aer,
	volume		= "101",
	number		= "1",
	pages		= "399--410",
	langid		= "american",
}

@article{AbdulkadirogluSonmez2003,
	author		= "Atila Abdulkadiro\u{g}lu and Tayfun Sönmez",
	year		= "2003",
	title		= "School choice",
	subtitle	= "A mechanism design approach",
	journaltitle= aer,
	volume		= "93",
	number		= "3",
	pages		= "729--747",
	langid		= "american",
}

@article{AbreuGul2000,
	author		= "Dilip Abreu and Faruk Gül",
	year		= "2000",
	title		= "Bargaining and reputation",
	journaltitle= ecta,
	volume		= "68",
	number		= "1",
	pages		= "85--117",
	langid		= "american",
}

@article{AbreuPearceStacchetti1990,
	author		= "Dilip Abreu and David Pearce and Ennio Stacchetti",
	year		= "1990",
	title		= "Toward a theory of discounted repeated games with imperfect monitoring",
	journaltitle= ecta,
	volume		= "58",
	number		= "5",
	pages		= "1041--1063",
	langid		= "american",
}

@article{AcemogluEtAl2012,
	author		= "Daron Acemo\u{g}lu and Vasco M. Carvalho and Asuman Özda\u{g}lar and Alireza Tahbaz-Salehi",
	year		= "2012",
	title		= "The network origins of aggregate fluctuations",
	journaltitle= ecta,
	volume		= "80",
	number		= "5",
	pages		= "1977--2016",
	langid		= "american",
}

@article{Afriat1967,
	author		= "Sydney N. Afriat",
	year		= "1967",
	title		= "The construction of utility functions from expenditure data",
	journaltitle= ier,
	volume		= "8",
	number		= "1",
	pages		= "67--77",
	langid		= "american",
}

@article{AghionTirole1997,
	author		= "Philippe Aghion and Jean Tirole",
	year		= "1997",
	title		= "Formal and real authority in organizations",
	journaltitle= jpe,
	volume		= "105",
	number		= "1",
	pages		= "1--29",
	langid		= "american",
}

@article{Ahn2007,
	author		= "David S. Ahn",
	year		= "2007",
	title		= "Hierarchies of ambiguous beliefs",
	journaltitle= jet,
	volume		= "136",
	number		= "1",
	pages		= "286--301",
	langid		= "american",
}

@article{Aiyagari1994,
	author		= "S. Rao Aiyagari",
	year		= "1994",
	title		= "Uninsured idiosyncratic risk and aggregate saving",
	journaltitle= qje,
	volume		= "109",
	number		= "3",
	pages		= "659--684",
	langid		= "american",
}

@article{Akerlof1982,
	author		= "George A. Akerlof",
	year		= "1982",
	title		= "Labor contracts as partial gift exchange",
	journaltitle= qje,
	volume		= "97",
	number		= "4",
	pages		= "543--569",
	langid		= "american",
}

@article{AlesinaGiulianoNunn2013,
	author		= "Alberto Alesina and Paola Giuliano and Nathan Nunn",
	year		= "2013",
	title		= "On the origins of gender roles",
	subtitle	= "Women and the plough",
	journaltitle= qje,
	volume		= "128",
	number		= "2",
	pages		= "469--530",
	langid		= "american",
}

@article{Alexopoulos2004,
	author		= "Michelle Alexopoulos",
	year		= "2004",
	title		= "Unemployment and the business cycle",
	journaltitle= jme,
	volume		= "51",
	number		= "2",
	pages		= "277--298",
	langid		= "american",
}

@article{Alexopoulos2006,
	author		= "Michelle Alexopoulos",
	year		= "2006",
	title		= "Shirking in a monetary business cycle model",
	journaltitle= "Canadian Journal of Economics",
	volume		= "39",
	number		= "3",
	pages		= "689--718",
	langid		= "american",
}

@article{Alexopoulos2007,
	author		= "Michelle Alexopoulos",
	year		= "2007",
	title		= "A monetary business cycle model with unemployment",
	journaltitle= jedc,
	volume		= "31",
	number		= "12",
	pages		= "3904--3940",
	langid		= "american",
}

@article{Allais1953,
	author		= "Maurice Allais",
	year		= "1953",
	title		= "Le comportement de l'homme rationnel devant le risque",
	subtitle	= "Critique des postulats et axiomes de l'ecole {A}mericaine",
	journaltitle= ecta,
	volume		= "21",
	number		= "3",
	pages		= "503--546",
	langid		= "american",
}

@article{Alnajjar2004,
	author		= "Nabil I. Al-Najjar",
	year		= "2004",
	title		= "Aggregation and the law of large numbers in large economies",
	journaltitle= geb,
	volume		= "47",
	number		= "1",
	pages		= "1--35",
	langid		= "american",
}

@article{AlonsoCamara2016aer,
	author		= "Ricardo Alonso and Odilon Câmara",
	year		= "2016",
	title		= "Persuading voters",
	journaltitle= aer,
	volume		= "106",
	number		= "11",
	pages		= "3590--3605",
	langid		= "american",
}

@article{AlonsoCamara2016geb,
	author		= "Ricardo Alonso and Odilon Câmara",
	year		= "2016",
	title		= "{B}ayesian persuasion with heterogeneous priors",
	journaltitle= geb,
	volume		= "47",
	number		= "1",
	pages		= "1--35",
	langid		= "american",
}

@article{AlonsoMatouschek2008,
	author		= "Ricardo Alonso and Niko Matouschek",
	year		= "2008",
	title		= "Optimal delegation",
	journaltitle= restud,
	volume		= "75",
	number		= "1",
	pages		= "259--293",
	langid		= "american",
}

@article{AmadorBagwell2013,
	author		= "Manuel Amador and Kyle Bagwell",
	year		= "2013",
	title		= "The theory of optimal delegation with an application to tariff caps",
	journaltitle= ecta,
	volume		= "81",
	number		= "4",
	pages		= "1541--1599",
	langid		= "american",
}

@article{AmadorWerningAngeletos2006,
	author		= "Manuel Amador and Iván Werning and George-Marios Angeletos",
	year		= "2006",
	title		= "Commitment vs. flexibility",
	journaltitle= ecta,
	volume		= "74",
	number		= "2",
	pages		= "365--396",
	langid		= "american",
}

@article{Andrews1991,
	author		= "Donald W. K. Andrews",
	year		= "1991",
	title		= "Heteroskedasticity and autocorrelation consistent covariance matrix estmation",
	journaltitle= ecta,
	volume		= "59",
	number		= "3",
	pages		= "817--858",
	langid		= "american",
}

@article{AngeletosLao2013,
	author		= "George-Marios Angeletos and Jennifer La'O",
	year		= "2013",
	title		= "Sentiments",
	journaltitle= ecta,
	volume		= "81",
	number		= "2",
	pages		= "739--779",
	langid		= "american",
}

@article{AngeletosHellwigPavan2006,
	author		= "George-Marios Angeletos and Christian Hellwig and Alessandro Pavan",
	year		= "2006",
	title		= "Signaling in a global game",
	subtitle	= "Coordination and policy traps",
	journaltitle= jpe,
	volume		= "114",
	number		= "3",
	pages		= "452--484",
	langid		= "american",
}

@article{AngeletosHellwigPavan2007,
	author		= "George-Marios Angeletos and Christian Hellwig and Alessandro Pavan",
	year		= "2007",
	title		= "Dynamic global games of regime change",
	subtitle	= "Learning, multiplicity, and the timing of attacks",
	journaltitle= ecta,
	volume		= "75",
	number		= "3",
	pages		= "711--756",
	langid		= "american",
}

@article{AngeletosPavan2007,
	author		= "George-Marios Angeletos and Alessandro Pavan",
	year		= "2007",
	title		= "Efficient use of information and the social value of information",
	journaltitle= ecta,
	volume		= "75",
	number		= "4",
	pages		= "1103--1142",
	langid		= "american",
}

@article{AngeletosWerning2006,
	author		= "George-Marios Angeletos and Iván Werning",
	year		= "2006",
	title		= "Crises and prices",
	subtitle	= "Information aggregation, multiplicity, and volatility",
	journaltitle= aer,
	volume		= "96",
	number		= "5",
	pages		= "1720--1736",
	langid		= "american",
}

@article{AngristLavy2009,
	author		= "Joshua Angrist and Victor Lavy",
	year		= "2009",
	title		= "The effects of high stakes high school achievement awards",
	subtitle	= "Evidence from a randomized trial",
	journaltitle= aer,
	volume		= "99",
	number		= "4",
	pages		= "1384--1414",
	langid		= "american",
}

@article{ArmstrongVickers2010,
	author		= "Mark Armstrong and John Vickers",
	year		= "2010",
	title		= "A model of delegated project choice",
	journaltitle= ecta,
	volume		= "78",
	number		= "1",
	pages		= "213--244",
	langid		= "american",
}

@article{AshlagiEtAl2010,
	author		= "Itai Ashlagi and Mark Braverman and Avinatan Hassidim and Dov Monderer",
	year		= "2010",
	title		= "Monotonicity and implementability",
	journaltitle= ecta,
	volume		= "78",
	number		= "5",
	pages		= "1749--1772",
	langid		= "american",
}

@article{Athey2002,
	author		= "Susan Athey",
	year		= "2002",
	title		= "Monotone comparative statics under uncertainty",
	journaltitle= qje,
	volume		= "117",
	number		= "1",
	pages		= "187--223",
	langid		= "american",
}

@article{AtheyBagwell2001,
	author		= "Susan Athey and Kyle Bagwell",
	year		= "2001",
	title		= "Optimal collusion with private information",
	journaltitle= "{RAND} Journal of Economics",
	volume		= "32",
	number		= "3",
	pages		= "428--465",
	langid		= "american",
}

@article{AtheyBagwell2008,
	author		= "Susan Athey and Kyle Bagwell",
	year		= "2008",
	title		= "Collusion with persistent cost shocks",
	journaltitle= ecta,
	volume		= "76",
	number		= "3",
	pages		= "493--540",
	langid		= "american",
}

@article{AtkinsonBourguignon1982,
	author		= "Anthony B. Atkinson and F. Bourguignon",
	year		= "1982",
	title		= "The comparison of multi-dimensioned distributions of economic status",
	journaltitle= restud,
	volume		= "49",
	number		= "2",
	pages		= "183--201",
	langid		= "american",
}

@article{Aumann1976,
	author		= "Robert J. Aumann",
	year		= "1976",
	title		= "Agreeing to disagree",
	journaltitle= "Annals of Statistics",
	volume		= "4",
	pages		= "1236--1239",
	langid		= "american",
}

@article{Aumann1987,
	author		= "Robert J. Aumann",
	year		= "1987",
	title		= "Correlated equilibrium as an expression of {B}ayesian rationality",
	journaltitle= ecta,
	volume		= "55",
	number		= "1",
	pages		= "1--18",
	langid		= "american",
}

@article{Aumann1999I,
	author		= "Robert J. Aumann",
	year		= "1999",
	title		= "Interactive epistemology {I}",
	subtitle	= "Knowledge",
	journaltitle= ijgt,
	volume		= "28",
	number		= "3",
	pages		= "263--300",
	langid		= "american",
}

@article{Aumann1999II,
	author		= "Robert J. Aumann",
	year		= "1999",
	title		= "Interactive epistemology {II}",
	subtitle	= "Probability",
	journaltitle= ijgt,
	volume		= "28",
	number		= "3",
	pages		= "301--314",
	langid		= "american",
}

@article{Axtell2001,
	author		= "Robert L. Axtell",
	year		= "2001",
	title		= "Zipf distribution of {U.S.} firm sizes",
	journaltitle= "Science",
	volume		= "293",
	number		= "5536",
	pages		= "1818--1820",
	langid		= "american",
}

@article{BakEtAl1993,
	author		= "Per Bak and Kan Chen and José Scheinkman and Michael Woodford",
	year		= "1993",
	title		= "Aggregate fluctuations from independent sectoral shocks",
	subtitle	= "Self-organized criticality in a model of production and inventory dynamics",
	journaltitle= "Ricerche Economiche",
	volume		= "47",
	number		= "1",
	pages		= "3--30",
	langid		= "american",
}

@article{BallesterCalvoarmengolZenou2006,
	author		= "Coralio Ballester and Antoni Calvó-Armengol and Yves Zenou",
	year		= "2006",
	title		= "Who's who in networks. {W}anted: {T}he key player",
	journaltitle= ecta,
	volume		= "74",
	number		= "5",
	pages		= "1403--1417",
	langid		= "american",
}

@article{Banerjee1992,
	author		= "Abhijit V. Banerjee",
	year		= "1992",
	title		= "A simple model of herd behavior",
	journaltitle= qje,
	volume		= "107",
	number		= "3",
	pages		= "797--817",
	langid		= "american",
}

@article{Barro1974,
	author		= "Robert J. Barro",
	year		= "1974",
	title		= "Are government bonds net wealth?",
	journaltitle= jpe,
	volume		= "82",
	number		= "6",
	pages		= "1095--1117",
	langid		= "american",
}

@article{BattigalliSiniscalchi1999,
	author		= "Pierpaolo Battigalli and Marciano Siniscalchi",
	year		= "1999",
	title		= "Hierarchies of conditional beliefs and interactive epistemology in dynamic games",
	journaltitle= jet,
	volume		= "88",
	number		= "1",
	pages		= "188--230",
	langid		= "american",
}

@article{BattigalliSiniscalchi2003,
	author		= "Pierpaolo Battigalli and Marciano Siniscalchi",
	year		= "2003",
	title		= "Rationalization and incomplete information",
	journaltitle= "Advances in theoretical economics",
	volume		= "3",
	number		= "1",
	langid		= "american",
}

@article{BasuFernald1997,
	author		= "Susanto Basu and John G. Fernald",
	year		= "1997",
	title		= "Returns to scale in {U.S.} production",
	subtitle	= "Estimates and implications",
	journaltitle= jpe,
	volume		= "105",
	number		= "2",
	pages		= "249--283",
	langid		= "american",
}

@article{BeaudryPortier2004,
	author		= "Paul Beaudry and Franck Portier",
	year		= "2004",
	title		= "An exploration into {P}igou's theory of cycles",
	journaltitle= jme,
	volume		= "51",
	number		= "6",
	pages		= "1183--1216",
	langid		= "american",
}

@article{BeaudryPortier2014,
	author		= "Paul Beaudry and Franck Portier",
	year		= "2014",
	title		= "News-driven business cycles",
	subtitle	= "Insights and challenges",
	journaltitle= jel,
	volume		= "52",
	number		= "4",
	pages		= "993--1074",
	langid		= "american",
}

@article{BellMccaffrey2002,
	author		= "Robert M. Bell and Daniel F. {McCaffrey}",
	year		= "2002",
	title		= "Bias reduction in standard errors for linear regression with multi-stage samples",
	journaltitle= "Survey Methodology",
	volume		= "28",
	number		= "2",
	pages		= "169--181",
	langid		= "american",
}

@article{BenhabibDay1982,
	author		= "Jess Benhabib and Richard H. Day",
	year		= "1982",
	title		= "A characterization of erratic dynamics in the overlapping generations model",
	journaltitle= jedc,
	volume		= "4",
	number		= "November",
	pages		= "75--114",
	langid		= "american",
}

@article{BenvenisteScheinkman1979,
	author		= "Lawrence M. Benveniste and José A. Scheinkman",
	year		= "1979",
	title		= "On the differentiability of the value function in dynamic models of economics",
	journaltitle= ecta,
	volume		= "47",
	number		= "3",
	pages		= "727--732",
	langid		= "american",
}

@article{BergemannMorris2005,
	author		= "Dirk Bergemann and Stephen Morris",
	year		= "2005",
	title		= "Robust mechanism design",
	journaltitle= ecta,
	volume		= "73",
	number		= "6",
	pages		= "1771--1813",
	langid		= "american",
}

@article{BergemannMorris2016,
	author		= "Dirk Bergemann and Stephen Morris",
	year		= "2016",
	title		= "{B}ayes correlated equilibrium and the comparison of information structures in games",
	journaltitle= te,
	volume		= "11",
	number		= "2",
	pages		= "487--522",
	langid		= "american",
}

@article{BerryLevinsohnPakes1995,
	author		= "Steven Berry and James Levinsohn and Ariel Pakes",
	year		= "1995",
	title		= "Automobile prices in market equilibrium",
	journaltitle= ecta,
	volume		= "63",
	number		= "4",
	pages		= "841--890",
	langid		= "american",
}

@article{BerryLevinsohnPakes2004,
	author		= "Steven Berry and James Levinsohn and Ariel Pakes",
	year		= "2004",
	title		= "Differentiated products demand systems from a combination of micro and macro data",
	subtitle	= "The new car market",
	journaltitle= jpe,
	volume		= "112",
	number		= "1",
	pages		= "68--105",
	langid		= "american",
}

@article{BertiGoriRigo2012,
	author		= "Patrizia Berti and Michele Gori and Pietro Rigo",
	year		= "2012",
	title		= "A note on the absurd law of large numbers in economics",
	journaltitle= "Journal of Mathematical Analysis and Applications",
	volume		= "388",
	pages		= "98--101",
	langid		= "american",
}

@article{BesterStrausz2001,
	author		= "Helmut Bester and Roland Strausz",
	year		= "2001",
	title		= "Contracting with imperfect commitment and the revelation principle",
	subtitle	= "The single agent case",
	journaltitle= ecta,
	volume		= "69",
	number		= "4",
	pages		= "1077--1098",
	langid		= "american",
}

@article{BikhchandaniHirshleiferWelch1992,
	author		= "Sushil Bikhchandani and David Hirshleifer and Ivo Welch",
	year		= "1992",
	title		= "A theory of fads, fashion, custom, and cultural change as informational cascades",
	journaltitle= jpe,
	volume		= "100",
	number		= "5",
	pages		= "992--1026",
	langid		= "american",
}

@article{BikhchandaniEtAl2006,
	author		= "Sushil Bikhchandani and Shurojit Chatterji and Ron Lavi and Ahuva {Mu'alem} and Naom Nisan and Arunava Sen",
	year		= "2006",
	title		= "Weak monotonicity characterizes deterministic dominant-strategy implementation",
	journaltitle= ecta,
	volume		= "74",
	number		= "4",
	pages		= "1109--1132",
	langid		= "american",
}

@article{Black1948,
	author		= "Duncan Black",
	year		= "1948",
	title		= "On the rationale of group decision-making",
	journaltitle= jpe,
	volume		= "56",
	number		= "1",
	pages		= "23--34",
	langid		= "american",
}

@article{Blackwell1953,
	author		= "David Blackwell",
	year		= "1953",
	title		= "Equivalent comparisons of experiments",
	journaltitle= "Annals of Mathematics and Statistics",
	volume		= "24",
	number		= "2",
	pages		= "265--272",
	langid		= "american",
}

@article{Blackwell1956,
	author		= "David Blackwell",
	year		= "1956",
	title		= "An analog of the minimax theorem for vector payoffs",
	journaltitle= "Pacific Journal of Mathematics",
	volume		= "6",
	number		= "1",
	pages		= "1--8",
	langid		= "american",
}

@article{BlanchardKahn1980,
	author		= "Olivier J. Blanchard and Charles M. Kahn",
	year		= "1980",
	title		= "The solution of linear difference models under rational expectations",
	journaltitle= ecta,
	volume		= "48",
	number		= "5",
	pages		= "1305--1311",
	langid		= "american",
}

@article{BlanchardLHuillierLorenzoni2013,
	author		= "Olivier J. Blanchard and Jean-Paul L'Huillier and Guido Lorenzoni",
	year		= "2013",
	title		= "News, noise, and fluctuations",
	subtitle	= "An empirical exploration",
	journaltitle= aer,
	volume		= "103",
	number		= "7",
	pages		= "3045--3070",
	langid		= "american",
}

@article{Bloom2009,
	author		= "Nicholas Bloom",
	year		= "2009",
	title		= "The impact of uncertainty shocks",
	journaltitle= ecta,
	volume		= "77",
	number		= "3",
	pages		= "623--685",
	langid		= "american",
}

@article{BogeEisele1979,
	author		= "W. Böge and T. Eisele",
	year		= "1979",
	title		= "On solutions of {B}ayesian games",
	journaltitle= ijgt,
	volume		= "8",
	number		= "4",
	pages		= "193--215",
	langid		= "american",
}

@article{BoldrinChristianoFisher2001,
	author		= "Michele Boldrin and Lawrence J. Christiano and Jonas D. M. Fisher",
	year		= "2001",
	title		= "Habit persistence, asset returns, and the business cycle",
	journaltitle= aer,
	volume		= "91",
	number		= "1",
	pages		= "149--166",
	langid		= "american",
}

@article{BoldrinMontrucchio1986,
	author		= "Michele Boldrin and Luigi Montrucchio",
	year		= "1986",
	title		= "On the indeterminacy of capital accumulation paths",
	journaltitle= jet,
	volume		= "40",
	number		= "1",
	pages		= "26--39",
	langid		= "american",
}

@article{BoltonHarris1999,
	author		= "Patrick Bolton and Christopher Harris",
	year		= "1999",
	title		= "Strategic experimentation",
	journaltitle= ecta,
	volume		= "67",
	number		= "2",
	pages		= "349--374",
	langid		= "american",
}

@article{Bonacich1987,
	author		= "Phillip Bonacich",
	year		= "1987",
	title		= "Power and centrality",
	subtitle	= "A family of measures",
	journaltitle= "American Journal of Sociology",
	volume		= "92",
	number		= "5",
	pages		= "1170--1182",
	langid		= "american",
}

@article{BonattiHorner2011,
	author		= "Alessandro Bonatti and Johannes Hörner",
	year		= "2011",
	title		= "Collaborating",
	journaltitle= aer,
	volume		= "101",
	number		= "2",
	pages		= "632--663",
	langid		= "american",
}

@article{Border1991,
	author		= "Kim C. Border",
	year		= "1991",
	title		= "Implementation of reduced form auctions",
	subtitle	= "A geometric approach",
	journaltitle= ecta,
	volume		= "59",
	number		= "4",
	pages		= "1175--1187",
	langid		= "american",
}

@article{Borgers1994,
	author		= "Tilman Börgers",
	year		= "1994",
	title		= "Weak dominance and approximate common knowledge",
	journaltitle= jet,
	volume		= "64",
	number		= "1",
	pages		= "265--276",
	langid		= "american",
}

@article{BrandenburgerDekel1993,
	author		= "Adam Brandenburger and Eddie Dekel",
	year		= "1993",
	title		= "Hierarchies of beliefs and common knowledge",
	journaltitle= jet,
	volume		= "59",
	number		= "1",
	pages		= "189--198",
	langid		= "american",
}

@article{Brouwer1912,
	author		= "Luitzen Egbertus Jan Brouwer",
	year		= "1912",
	title		= "Über {A}bbildung von {M}annigfaltigkeiten",
	journaltitle= "Mathematische Annalen",
	volume		= "71",
	number		= "1",
	pages		= "97-115",
	langid		= "german",
}

@article{BrownMatzkin1996,
	author		= "Donald J. Brown and Rosa L. Matzkin",
	year		= "1996",
	title		= "Testable restrictions on the equilibrium manifold",
	journaltitle= ecta,
	volume		= "64",
	number		= "6",
	pages		= "1249--1262",
	langid		= "american",
}

@article{Bryant1980,
	author		= "John Bryant",
	year		= "1980",
	title		= "A model of reserves, bank runs, and deposit insurance",
	journaltitle= "Journal of Banking \& Finance",
	volume		= "4",
	number		= "4",
	pages		= "335--344",
	langid		= "american",
}

@article{Bryant1983,
	author		= "John Bryant",
	year		= "1983",
	title		= "A simple rational expectations {K}eynes-type model",
	journaltitle= qje,
	volume		= "98",
	number		= "3",
	pages		= "525--528",
	langid		= "american",
}

@article{Bryant1987,
	author		= "John Bryant",
	year		= "1987",
	title		= "The paradox of thrift, liquidity preference and animal spirits",
	journaltitle= ecta,
	volume		= "55",
	number		= "5",
	pages		= "1231--1235",
	langid		= "american",
}

@article{BulowKlemperer1996,
	author		= "Jeremy Bulow and Paul Klemperer",
	year		= "1996",
	title		= "Auctions versus negotiations",
	journaltitle= aer,
	volume		= "86",
	number		= "1",
	pages		= "180--194",
	langid		= "american",
}

@article{CaillaudTirole2007,
	author		= "Bernard Caillaud and Jean Tirole",
	year		= "2007",
	title		= "Consensus building",
	subtitle	= "How to persuade a group",
	journaltitle= aer,
	volume		= "97",
	number		= "5",
	pages		= "1877--1900",
	langid		= "american",
}

@article{CarlstromFuerst1997,
	author		= "Charles T. Carlstrom and Timothy S. Fuerst",
	year		= "1997",
	title		= "Agency costs, net worth, and business fluctuations",
	subtitle	= "A computable general equilibrium analysis",
	journaltitle= aer,
	volume		= "87",
	number		= "5",
	pages		= "893--910",
	langid		= "american",
}

@article{CarlssonVandamme1993,
	author		= "Hans Carlsson and Eric {van Damme}",
	year		= "1993",
	title		= "Global games and equilibrium selection",
	journaltitle= ecta,
	volume		= "61",
	number		= "5",
	pages		= "989--1018",
	langid		= "american",
}

@article{CarvalhoGabaix2013,
	author		= "Vasco Carvalho and Xavier Gabaix",
	year		= "2013",
	title		= "The {G}reat {D}iversification and its undoing",
	journaltitle= aer,
	volume		= "103",
	number		= "5",
	pages		= "1697--1727",
	langid		= "american",
}

@article{Carvalho2014,
	author		= "Vasco Carvalho",
	year		= "2014",
	title		= "From micro to macro via production networks",
	journaltitle= jep,
	volume		= "28",
	number		= "4",
	pages		= "23--48",
	langid		= "american",
}

@article{Cass1965,
	author		= "David Cass",
	year		= "1965",
	title		= "Optimum growth in an aggregative model of capital accumulation",
	journaltitle= restud,
	volume		= "32",
	number		= "3",
	pages		= "233--240",
	langid		= "american",
}

@article{CassShell1983,
	author		= "David Cass and Karl Shell",
	year		= "1983",
	title		= "Do sunspots matter?",
	journaltitle= jpe,
	volume		= "91",
	number		= "2",
	pages		= "193--227",
	langid		= "american",
}

@article{ChassangTakahashi2011,
	author		= "Sylvain Chassang and Satoru Takahashi",
	year		= "2011",
	title		= "Robustness to incomplete information in repeated games",
	journaltitle= te,
	volume		= "6",
	number		= "1",
	pages		= "49--93",
	langid		= "american",
}

@article{Chen2010,
	author		= "Yi-Chun Chen",
	year		= "2010",
	title		= "Universality of the {E}pstein-{W}ang type structure",
	journaltitle= geb,
	volume		= "68",
	number		= "1",
	pages		= "389--402",
	langid		= "american",
}

@article{Chen2012,
	author		= "Yi-Chun Chen",
	year		= "2012",
	title		= "A structure theorem for rationalizability in the normal form of dynamic games",
	journaltitle= geb,
	volume		= "75",
	number		= "2",
	pages		= "587--597",
	langid		= "american",
}

@article{ChenTakahashiXiong2014jet,
	author		= "Yi-Chun Chen and Satoru Takahashi and Siyang Xiong",
	year		= "2014",
	title		= "The robust selection of rationalizability",
	journaltitle= jet,
	volume		= "151",
	pages		= "448--475"
}

@article{Christiano1989,
	author		= "Lawrence J. Christiano",
	year		= "1989",
	title		= "Understanding {J}apan's saving rate",
	subtitle	= "The reconstruction hypothesis",
	journaltitle= "Quarterly Review of the Federal Reserve Bank of Minneapolis",
	volume		= "Spring 1989",
	pages		= "10--25",
	langid		= "american",
}

@article{ChristianoHarrison1999,
	author		= "Lawrence J. Christiano and Sharon G. Harrison",
	year		= "1999",
	title		= "Chaos, sunspots and automatic stabilizers",
	journaltitle= jme,
	volume		= "44",
	number		= "1",
	pages		= "3--31",
	langid		= "american",
}

@article{ChristianoMottoRostagno2003,
	author		= "Lawrence J. Christiano and Roberto Motto and Massimo Rostagno",
	year		= "2003",
	title		= "The {G}reat {D}epression and the {F}riedman-{S}chwarz hypothesis",
	journaltitle= jmcb,
	volume		= "35",
	number		= "6",
	pages		= "1119--1197",
	langid		= "american",
}

@article{ChristianoMottoRostagno2014,
	author		= "Lawrence J. Christiano and Roberto Motto and Massimo Rostagno",
	year		= "2014",
	title		= "Risk shocks",
	journaltitle= aer,
	volume		= "104",
	number		= "1",
	pages		= "27--65",
	langid		= "american",
	langid		= "american",
}

@article{ClaridaGaliGertler2000,
	author		= "Richard Clarida and Jordi Galí and Mark Gertler",
	year		= "2000",
	title		= "Monetary policy rules and macroeconomic stability",
	subtitle	= "Evidence and some theory",
	journaltitle= qje,
	volume		= "115",
	number		= "1",
	pages		= "147--180",
	langid		= "american",
}

@article{Coase1937,
	author		= "Ronald H. Coase",
	year		= "1937",
	title		= "The nature of the firm",
	journaltitle= "Economica",
	volume		= "4",
	number		= "16",
	pages		= "386--405",
	langid		= "american",
}

@article{ColeKehoe2000,
	author		= "Harold L. Cole and Timothy J. Kehoe",
	year		= "2000",
	title		= "Self-fulfilling debt crises",
	journaltitle= restud,
	volume		= "67",
	number		= "1",
	pages		= "91--116",
	langid		= "american",
}

@article{ColeOhanian1999,
	author		= "Harold L. Cole and Lee E. Ohanian",
	year		= "1999",
	title		= "The {G}reat {D}epression in the {U}nited {S}tates from a neoclassical perspective",
	journaltitle= "Quarterly Review of the Federal Reserve Bank of Minneapolis",
	volume		= "Winter 1999",
	pages		= "2--24",
	langid		= "american",
}

@article{CominGertler2006,
	author		= "Diego Comin and Mark Gertler",
	year		= "2006",
	title		= "Medium-term business cycles",
	journaltitle= aer,
	volume		= "96",
	number		= "3",
	pages		= "523--551",
	langid		= "american",
}

@article{ConleyTaber2011,
	author		= "Timothy G. Conley and Christopher R. Taber",
	year		= "2011",
	title		= "Inference with `difference in differences' with a small number of policy changes",
	journaltitle= "Review of Economics and Statistics",
	volume		= "93",
	number		= "1",
	pages		= "113--125",
	langid		= "american",
}

@article{CooperJohn1988,
	author		= "Russell Cooper and Andrew John",
	year		= "1988",
	title		= "Coordinating coordination failures in {K}eynesian models",
	journaltitle= qje,
	volume		= "103",
	number		= "3",
	pages		= "441--463",
	langid		= "american",
}

@article{Cordoba2008,
	author		= "Juan Carlos Córdoba",
	year		= "2008",
	title		= "A generalized {G}ibrat's law",
	journaltitle= "International Economic Review",
	volume		= "49",
	number		= "4",
	pages		= "1463--1468",
	langid		= "american",
}

@article{CrawfordSobel1982,
	author		= "Vincent P. Crawford and Joel Sobel",
	year		= "1982",
	title		= "Strategic information transmission",
	journaltitle= ecta,
	volume		= "50",
	number		= "6",
	pages		= "1431--1451",
	langid		= "american",
}

@article{CremerMclean1985,
	author		= "Jacques Crémer and Richard P. Mc{L}ean",
	year		= "1985",
	title		= "Optimal selling strategies under uncertainty for a discriminating monopolist when demands are interdependent",
	journaltitle= ecta,
	volume		= "53",
	number		= "2",
	pages		= "345--361",
	langid		= "american",
}

@article{CremerMclean1988,
	author		= "Jacques Crémer and Richard P. Mc{L}ean",
	year		= "1988",
	title		= "Full extraction of the surplus in {B}ayesian and dominant strategy auctions",
	journaltitle= ecta,
	volume		= "56",
	number		= "6",
	pages		= "1247--1257",
	langid		= "american",
}

@article{CrossManski2002,
	author		= "Philip J. Cross and Charles F. Manski",
	year		= "2002",
	title		= "Regressions, short and long",
	journaltitle= ecta,
	volume		= "70",
	number		= "1",
	pages		= "357--368",
	langid		= "american",
}

@article{David1985,
	author		= "Paul A. David",
	year		= "1985",
	title		= "Clio and the economics of {QWERTY}",
	journaltitle= aer,
	volume		= "75",
	number		= "2",
	pages		= "332--337",
	langid		= "american",
}

@article{DekelFudenberg1990,
	author		= "Eddie Dekel and Drew Fudenberg",
	year		= "1990",
	title		= "Rational behavior with payoff uncertainty",
	journaltitle= jet,
	volume		= "52",
	number		= "2",
	pages		= "243--267",
	langid		= "american",
}

@article{DekelFudenbergMorris2006,
	author		= "Eddie Dekel and Drew Fudenberg and Stephen Morris",
	year		= "2006",
	title		= "Topologies on types",
	journaltitle= te,
	volume		= "1",
	number		= "3",
	pages		= "275--309",
	langid		= "american",
}

@article{DekelFudenbergMorris2007,
	author		= "Eddie Dekel and Drew Fudenberg and Stephen Morris",
	year		= "2007",
	title		= "Interim correlated rationalizability",
	journaltitle= te,
	volume		= "2",
	number		= "1",
	pages		= "15--40",
	langid		= "american",
}

@article{Dessein2002,
	author		= "Wouter Dessein",
	year		= "2002",
	title		= "Authority and communication in organizations",
	journaltitle= restud,
	volume		= "69",
	number		= "4",
	pages		= "811--838",
	langid		= "american",
}

@article{Diamond1982,
	author		= "Peter A. Diamond",
	year		= "1982",
	title		= "Aggregate demand management in search equilibrium",
	journaltitle= jpe,
	volume		= "90",
	number		= "5",
	pages		= "881--894",
	langid		= "american",
}

@article{DiamondDybvig1983,
	author		= "Douglas W. Diamond and Philip H. Dybvig",
	year		= "1983",
	title		= "Bank runs, deposit insurance, and liquidity",
	journaltitle= jpe,
	volume		= "91",
	number		= "3",
	pages		= "401--419",
	langid		= "american",
}

@article{Dicecio2009,
	author		= "Riccardo {DiCecio}",
	year		= "2009",
	title		= "Sticky wages and sectoral labor comovement",
	journaltitle= jedc,
	volume		= "33",
	number		= "3",
	pages		= "538--553",
	langid		= "american",
}

@article{DigiovanniLevchenkoMejean2014,
	author		= "Julian {di Giovanni} and Andrei A. Levchenko and Isabelle Méjean",
	year		= "2014",
	title		= "Firms, destinations, and aggregate fluctuations",
	journaltitle= ecta,
	volume		= "82",
	number		= "4",
	pages		= "1303--1340",
	langid		= "american",
}

@article{DixitStiglitz1977,
	author		= "Avinash K. Dixit and Joseph E. Stiglitz",
	year		= "1977",
	title		= "Monopolistic competition and optimum product diversity",
	journaltitle= aer,
	volume		= "67",
	number		= "3",
	pages		= "297--308",
	langid		= "american",
}

@article{Doeblin1940,
	author		= "Wolfgang Doeblin",
	year		= "1940",
	title		= "Sur l'ensemble de puissances d'une loi de probabilité",
	journaltitle= "Studia Mathematica",
	volume		= "9",
	number		= "1",
	pages		= "71--96",
	langid		= "french",
}

@article{Dupor1999,
	author		= "Bill Dupor",
	year		= "1999",
	title		= "Aggregation and irrelevance in multi-sector models",
	journaltitle= jme,
	volume		= "43",
	number		= "2",
	pages		= "391--409",
	langid		= "american",
}

@article{DuffieSun2012,
	author		= "Darrell Duffie and Yeneng Sun",
	year		= "2012",
	title		= "The exact law of large numbers for independent random matching",
	journaltitle= jet,
	volume		= "147",
	number		= "1",
	pages		= "1105--1139",
	langid		= "american",
}

@article{Durlauf1993,
	author		= "Steven N. Durlauf",
	year		= "1993",
	title		= "Nonergodic economic growth",
	journaltitle= restud,
	volume		= "60",
	number		= "2",
	pages		= "349--366",
	langid		= "american",
}

@article{EcheniqueYenmez2015,
	author		= "Federico Echenique and M. Bumin Yenmez",
	year		= "2015",
	title		= "How to control controlled school choice",
	journaltitle= aer,
	volume		= "105",
	number		= "8",
	pages		= "2679--2694",
	langid		= "american",
}

@article{EdlinShannon1998,
	author		= "Aaron S. Edlin and Chris Shannon",
	year		= "1998",
	title		= "Strict monotonicity in comparative statics",
	journaltitle= ecta,
	volume		= "81",
	number		= "1",
	pages		= "201--219",
	langid		= "american",
}

@article{ElliottGolubJackson2014,
	author		= "Matthew Elliott and Benjamin Golub and Matthew O. Jackson",
	year		= "2014",
	title		= "Financial networks and contagion",
	journaltitle= aer,
	volume		= "104",
	number		= "10",
	pages		= "3115--3153",
	langid		= "american",
}

@article{EllisonSargent2012,
	author		= "Martin Ellison and Thomas J. Sargent",
	year		= "2012",
	title		= "A defense of the {FOMC}",
	journaltitle= ier,
	volume		= "53",
	number		= "4",
	pages		= "1047--1065",
	langid		= "american",
}

@article{Ellsberg1961,
	author		= "Daniel Ellsberg",
	year		= "1961",
	title		= "Risk, ambiguity, and the {S}avage axioms",
	journaltitle= qje,
	volume		= "75",
	number		= "4",
	pages		= "643--669",
	langid		= "american",
}

@article{Ely2017,
	author		= "Jeffrey C. Ely",
	year		= "2017",
	title		= "Beeps",
	journaltitle= aer,
	volume		= "107",
	number		= "1",
	pages		= "31--53",
	langid		= "american",
}

@article{ElyPeski2006,
	author		= "Jeffrey C. Ely and Marcin Pęski",
	year		= "2006",
	title		= "Hierarchies of belief and interim rationalizability",
	journaltitle= te,
	volume		= "1",
	number		= "1",
	pages		= "19--65",
	langid		= "american",
}

@article{ElyPeski2011,
	author		= "Jeffrey C. Ely and Marcin Pęski",
	year		= "2011",
	title		= "Critical types",
	journaltitle= restud,
	volume		= "78",
	number		= "3",
	pages		= "907--937",
	langid		= "american",
}

@article{EngelbergManskiWilliams2009,
	author		= "Joseph Engelberg and Charles F. Manski and Jared Williams",
	year		= "2009",
	title		= "Comparing the point predictions and subjective probability distributions of professional forecasters",
	journaltitle= jbes,
	volume		= "27",
	number		= "1",
	pages		= "30-41",
	langid		= "american",
}

@article{Evans1992,
	author		= "Charles L. Evans",
	year		= "1992",
	title		= "Productivity shocks and real business cycles",
	journaltitle= jme,
	volume		= "29",
	number		= "2",
	pages		= "191--208",
	langid		= "american",
}

@article{EpsteinPeters1999,
	author		= "Larry G. Epstein and Michael Peters",
	year		= "1999",
	title		= "A revelation principle for competing mechanisms",
	journaltitle= jet,
	volume		= "88",
	number		= "1",
	pages		= "119--160",
	langid		= "american",
}

@article{EpsteinWang1996,
	author		= "Larry G. Epstein and Tan Wang",
	year		= "1996",
	title		= "`{B}eliefs about beliefs' without probabilities",
	journaltitle= ecta,
	volume		= "64",
	number		= "6",
	pages		= "1343--1373",
	langid		= "american",
}

@article{EpsteinZin1989,
	author		= "Larry G. Epstein and Stanley E. Zin",
	year		= "1989",
	title		= "Substitution, risk aversion, and the temporal behavior of consumption and asset returns",
	subtitle	= "A theoretical framework",
	journaltitle= ecta,
	volume		= "57",
	number		= "4",
	pages		= "937--969",
	langid		= "american",
}

@article{ErdilErgin2008,
	author		= "Aytek Erdil and Haluk Ergin",
	year		= "2008",
	title		= "What's the matter with tie-breaking? {I}mproving efficiency in school choice",
	journaltitle= aer,
	volume		= "98",
	number		= "3",
	pages		= "669--689",
	langid		= "american",
}

@article{Ergin2002,
	author		= "Haluk Ergin",
	year		= "2002",
	title		= "Efficient resource allocation on the basis of priorities",
	journaltitle= ecta,
	volume		= "70",
	number		= "6",
	pages		= "2489--2497",
	langid		= "american",
}

@article{FehrGoette2007,
	author		= "Ernst Fehr and Lorenz Goette",
	year		= "2007",
	title		= "Do workers work more if wages are high? {E}vidence from a randomized field experiment",
	journaltitle= aer,
	volume		= "97",
	number		= "1",
	pages		= "298--317",
	langid		= "american",
}

@article{FernandesPhelan2000,
	author		= "Ana Fernandes and Christopher Phelan",
	year		= "2000",
	title		= "A recursive formulation for repeated agency with history dependence",
	journaltitle= jet,
	volume		= "91",
	number		= "2",
	pages		= "223--247",
	langid		= "american",
}

@article{FlodenLinde2001,
	author		= "Martin Flodén and Jesper Lindé",
	year		= "2001",
	title		= "Idiosyncratic risk in the {U}nited {S}tates and {S}weden",
	subtitle	= "Is there a role for government insurance?",
	journaltitle= red,
	volume		= "4",
	number		= "1",
	pages		= "406--437",
	langid		= "american",
}

@article{FoersterSarteWatson2011,
	author		= "Andrew T. Foerster and Pierre-Daniel G. Sarte and Mark W. Watson",
	year		= "2011",
	title		= "Sectoral versus aggregate shocks",
	subtitle	= "A structural factor analysis of industrial production",
	journaltitle= jpe,
	volume		= "119",
	number		= "1",
	pages		= "1--38",
	langid		= "american",
}

@article{FosterYoung2001,
	author		= "Dean P. Foster and H. Peyton Young",
	year		= "2001",
	title		= "On the impossibility of predicting the behavior of rational agents",
	journaltitle= pnas,
	volume		= "61",
	number		= "5",
	pages		= "1019--1045",
	langid		= "american",
}

@article{FriedmanSavage1948,
	author		= "Milton Friedman and Leonard J. Savage",
	year		= "1948",
	title		= "The utility analysis of choices involving risk",
	journaltitle= jpe,
	volume		= "56",
	number		= "4",
	pages		= "279--304",
	langid		= "american",
}

@article{FudenbergKrepsLevine1988,
	author		= "Drew Fudenberg and David M. Kreps and David K. Levine",
	year		= "1988",
	title		= "On the robustness of equilibrium refinements",
	journaltitle= jet,
	volume		= "44",
	number		= "2",
	pages		= "354--380",
	langid		= "american",
}

@article{FudenbergLevine1989,
	author		= "Drew Fudenberg and David K. Levine",
	year		= "1989",
	title		= "Reputation and equilibrium selection in games with a patient player",
	journaltitle= ecta,
	volume		= "57",
	number		= "4",
	pages		= "759--778",
	langid		= "american",
}

@article{FudenbergLevine1992,
	author		= "Drew Fudenberg and David K. Levine",
	year		= "1992",
	title		= "Maintaining a reputation when strategies are imperfectly observed",
	journaltitle= restud,
	volume		= "59",
	number		= "3",
	pages		= "561--579",
	langid		= "american",
}

@article{Gabaix2011,
	author		= "Xavier Gabaix",
	year		= "2011",
	title		= "The granular origins of aggregate fluctuations",
	journaltitle= ecta,
	volume		= "79",
	number		= "3",
	pages		= "733--772",
	langid		= "american",
}

@article{GabaixIbragimov2011,
	author		= "Xavier Gabaix and Rustam Ibragimov",
	year		= "2011",
	title		= "Rank-$1/2$",
	subtitle	= "A simple way to improve the {OLS} estimation of tail exponents",
	journaltitle= jbes,
	volume		= "29",
	number		= "1",
	pages		= "24--39",
	langid		= "american",
}

@article{GabaixLandier2008,
	author		= "Xavier Gabaix and Augustin Landier",
	year		= "2008",
	title		= "Why has {CEO} pay increased so much?",
	journaltitle= qje,
	volume		= "123",
	number		= "1",
	pages		= "49--100",
	langid		= "american",
}

@article{GaleShapley1962,
	author		= "Douglas Gale and Lloyd S. Shapley",
	year		= "1962",
	title		= "College admissions and the stability of marriage",
	journaltitle= "American Mathematical Monthly",
	volume		= "69",
	number		= "1",
	pages		= "9--15",
	langid		= "american",
}

@article{Gali2011,
	author		= "Jordi Galí",
	year		= "2011",
	title		= "The return of the wage {Phillips} curve",
	journaltitle= jeea,
	volume		= "9",
	number		= "3",
	pages		= "436--461",
	langid		= "american",
}

@article{GeanakoplosEtAl2012,
	author		= "John Geanakoplos and Robert Axtell and J. Doyne Farmer and Peter Howitt and Benjamin Conlee and Jonathan Goldstein and Matthew Hendrey and Nathan M. Palmer and Chun-Yi Yang",
	year		= "2012",
	title		= "Getting at systemic risk via an agent-based model of the housing market",
	journaltitle= aer,
	volume		= "102",
	number		= "3",
	pages		= "53--58",
	langid		= "american",
}

@article{GertlerKiyotaki2015,
	author		= "Mark Gertler and Nobuhiro Kiyotaki",
	year		= "2015",
	title		= "Banking, liquidity, and bank runs in an infinite horizon economy",
	journaltitle= aer,
	volume		= "105",
	number		= "7",
	pages		= "2011--2043",
	langid		= "american",
}

@article{GershkovEtAl2013,
	author		= "Alex Gershkov and Jacob K. Goeree and Alexey Kushnir and Benny Moldovanu and Xianwen Shi",
	year		= "2013",
	title		= "On the equivalence of {B}ayesian and dominant strategy implementation",
	journaltitle= ecta,
	volume		= "81",
	number		= "1",
	pages		= "197--220",
	langid		= "american",
}

@article{GlassermanYoung2014,
	author		= "Paul Glasserman and H. Peyton Young",
	year		= "forthcoming 2014",
	title		= "How likely is contagion in financial networks?",
	journaltitle= "Journal of Banking \& Finance",
	langid		= "american",
}

@article{GlazerRubinstein2004,
	author		= "Jacob Glazer and Ariel Rubinstein",
	year		= "2004",
	title		= "On optimal rules of persuasion",
	journaltitle= ecta,
	volume		= "72",
	number		= "6",
	pages		= "1715--1736",
	langid		= "american",
}

@article{Gnedenko1939,
	author		= "Boris Vladimirovich Gnedenko",
	year		= "1939",
	title		= "On the theory of domains of attraction of stable laws",
	journaltitle= "Moscow State University Mathematical Research Papers",
	volume		= "30",
	pages		= "61--81",
	langid		= "american",
}

@article{GoltsmanEtAl2009,
	author		= "Maria Goltsman and Johannes Hörner and Gregory Pavlov and Francesco Squintani",
	year		= "2009",
	title		= "Mediation, arbitration and negotiation",
	journaltitle= jet,
	volume		= "144",
	number		= "4",
	pages		= "1397--1420",
	langid		= "american",
}

@article{Gomme1999,
	author		= "Paul Gomme",
	year		= "1999",
	title		= "Shirking, unemployment and aggregate fluctuations",
	journaltitle= ier,
	volume		= "40",
	number		= "1",
	pages		= "3--21",
	langid		= "american",
}

@article{Grandmont1985,
	author		= "Jean-Michel Grandmont",
	year		= "1985",
	title		= "On endogenous competitive business cycles",
	journaltitle= ecta,
	volume		= "53",
	number		= "5",
	pages		= "995--1045",
	langid		= "american",
}

@article{GrenadierMalenkoMalenko2016,
	author		= "Steven R. Grenadier and Andrey Malenko and Nadya Malenko",
	year		= "2016",
	title		= "Timing decisions in organizations",
	subtitle	= "Communication and authority in a dynamic environment",
	journaltitle= aer,
	volume		= "106",
	number		= "9",
	pages		= "2552--2581",
	langid		= "american",
}

@article{GreenwoodHercowitzKrusell1988,
	author		= "Jeremy Greenwood and Zvi Hercowitz and Gregory W. Huffman",
	year		= "1988",
	title		= "Investment, capacity utilization, and the real business cycle",
	journaltitle= aer,
	volume		= "78",
	number		= "3",
	pages		= "402--417",
	langid		= "american",
}

@article{GreenwoodHercowitzKrusell1997,
	author		= "Jeremy Greenwood and Zvi Hercowitz and Per Krusell",
	year		= "1997",
	title		= "Long-run implications of investment-specific technological change",
	journaltitle= aer,
	volume		= "87",
	number		= "3",
	pages		= "342--362",
	langid		= "american",
}

@article{Grossman1981,
	author		= "Sanford J. Grossman",
	year		= "1981",
	title		= "The informational role of warranties and private disclosure about product quality",
	journaltitle= "Journal of Law and Economics",
	volume		= "24",
	number		= "3",
	pages		= "461--483",
	langid		= "american",
}

@article{GrossmanHart1986,
	author		= "Sanford J. Grossman and Oliver D. Hart",
	year		= "1986",
	title		= "The costs and benefits of ownership",
	subtitle	= "A theory of vertical and lateral integration",
	journaltitle= jpe,
	volume		= "94",
	number		= "4",
	pages		= "691--719",
	langid		= "american",
}

@article{GulPesendorfer2001,
	author		= "Faruk Gül and Wolfgang Pesendorfer",
	year		= "2001",
	title		= "Temptation and self-control",
	journaltitle= ecta,
	volume		= "69",
	number		= "6",
	pages		= "1403--1435",
	langid		= "american",
}

@article{GulPesendorfer2004,
	author		= "Faruk Gül and Wolfgang Pesendorfer",
	year		= "2004",
	title		= "Self-control and the theory of consumption",
	journaltitle= ecta,
	volume		= "72",
	number		= "1",
	pages		= "119--158",
	langid		= "american",
}

@article{GulPesendorfer2016,
	author		= "Faruk Gül and Wolfgang Pesendorfer",
	year		= "2016",
	title		= "Interdependent preference models as a theory of intentions",
	journaltitle= jet,
	volume		= "165",
	pages		= "179--208",
	langid		= "american",
}

@article{Guo2016,
	author		= "Yingni Guo",
	year		= "2016",
	title		= "Dynamic delegation of experimentation",
	journaltitle= aer,
	volume		= "106",
	number		= "8",
	pages		= "1969--2008",
	langid		= "american",
}

@article{GutmannEtAl1991,
	author		= "Sam Gutmann and J. H. B. Kemperman and J. A. Reeds and L. A. Shepp",
	year		= "1991",
	title		= "Existence of probability measures with given marginals",
	journaltitle= "Annals of Probability",
	volume		= "19",
	number		= "4",
	pages		= "1781--1797",
	langid		= "american",
}

@article{Hall1978,
	author		= "Robert E. Hall",
	year		= "1978",
	title		= "Stochastic implications of the life cycle-permanent income hypothesis",
	subtitle	= "Theory and evidence",
	journaltitle= jpe,
	volume		= "86",
	number		= "6",
	pages		= "971--987",
	langid		= "american",
}

@article{Hall2005,
	author		= "Robert E. Hall",
	year		= "2005",
	title		= "The cyclical behavior of equilibrium unemployment and vacancies",
	journaltitle= aer,
	volume		= "95",
	number		= "1",
	pages		= "50--65",
	langid		= "american",
}

@article{Hansen1982,
	author		= "Lars Peter Hansen",
	year		= "1982",
	title		= "Large sample properties of generalized method of moments estimators",
	journaltitle= ecta,
	volume		= "50",
	number		= "4",
	pages		= "1029--1054",
	langid		= "american",
}

@article{Hansen1985,
	author		= "Gary D. Hansen",
	year		= "1985",
	title		= "Indivisible labor and the business cycle",
	journaltitle= jme,
	volume		= "16",
	number		= "3",
	pages		= "309--327",
	langid		= "american",
}

@article{Harsanyi1967,
	author		= "John. C. Harsányi",
	year		= "1967",
	title		= "Games with incomplete information played by `{B}ayesian' players, {I--III}",
	subtitle	= "Part {I.} {T}he basic model",
	journaltitle= "Management Science",
	volume		= "14",
	number		= "3",
	pages		= "159--182",
	langid		= "american",
}

@article{HartMoore1990,
	author		= "Oliver D. Hart and John Moore",
	year		= "1990",
	title		= "Property rights and the nature of the firm",
	journaltitle= jpe,
	volume		= "98",
	number		= "6",
	pages		= "1119--1158",
	langid		= "american",
}

@article{HartReny2015,
	author		= "Sergiu Hart and Philip J. Reny",
	year		= "2015",
	title		= "Maximal revenue with multiple goods",
	subtitle	= "Nonmonotonicity and other observations",
	journaltitle= te,
	volume		= "10",
	number		= "3",
	pages		= "893--922",
	langid		= "american",
}

@article{Hausman1978,
	author		= "Jerry A. Hausman",
	year		= "1978",
	title		= "Specification tests in econometrics",
	journaltitle= ecta,
	volume		= "46",
	number		= "6",
	pages		= "1251--1271",
	langid		= "american",
}

@article{Heckman1984,
	author		= "James Heckman",
	year		= "1984",
	title		= "Comments on the {Ashenfelter} and {Kydland} papers",
	journaltitle= "Carnegie-Rochester Conference Series on Public Policy",
	volume		= "21",
	pages		= "209--224",
	langid		= "american",
}

@article{HeSunSun2016,
	author		= "Wei He and Xiang Sun and Yeneng Sun",
	year		= "2016",
	title		= "Modeling infinitely many agents",
	journaltitle= te,
	volume		= "forthcoming",
	number		= "",
	pages		= "",
	langid		= "american",
}

@article{HedegaardjessenMikosch2006,
	author		= "Anders {Hedegaard Jessen} and Thomas Mikosch",
	year		= "2006",
	title		= "Regularly varying functions",
	journaltitle= "Publications de l'Institut Mathématique (nouvelle série)",
	volume		= "80",
	number		= "94",
	pages		= "171--192",
	langid		= "american",
}

@article{HeidhuesRadyStrack2015,
	author		= "Paul Heidhues and Sven Rady and Philipp Strack",
	year		= "2015",
	title		= "Strategic experimentation with private payoffs",
	journaltitle= jet,
	volume		= "159",
	number		= "A",
	pages		= "531--551",
	langid		= "american",
}

@article{Heifetz1993,
	author		= "Aviad Heifetz",
	year		= "1993",
	title		= "The {B}ayesian formulation of incomplete information",
	subtitle	= "The non-compact case",
	journaltitle= ijgt,
	volume		= "21",
	number		= "4",
	pages		= "329--338",
	langid		= "american",
}

@article{HeifetzNeeman2006,
	author		= "Aviad Heifetz and Zvika Neeman",
	year		= "2006",
	title		= "On the generic {(im)possibility} of full surplus extraction in mechanism design",
	journaltitle= ecta,
	volume		= "74",
	number		= "1",
	pages		= "213--233",
	langid		= "american",
}

@article{HeifetzSamet1998,
	author		= "Aviad Heifetz and Dov Samet",
	year		= "1998",
	title		= "Topology-free typology of beliefs",
	journaltitle= jet,
	volume		= "82",
	number		= "2",
	pages		= "324--341",
	langid		= "american",
}

@article{HeifetzSamet1999,
	author		= "Aviad Heifetz and Dov Samet",
	year		= "1999",
	title		= "Coherent beliefs are not always types",
	journaltitle= "Journal of Mathematical Economics",
	volume		= "32",
	number		= "4",
	pages		= "475--488",
	langid		= "american",
}

@article{HodgesLehmann1950,
	author		= "J. L. Hodges and E. L. Lehmann",
	year		= "1950",
	title		= "Some problems in minmax point estimation",
	journaltitle= "Annals of Mathematical Statistics",
	volume		= "21",
	number		= "2",
	pages		= "182--197",
	langid		= "american",
}

@article{HolmstromMilgrom1991,
	author		= "Bengt Holmström and Paul Milgrom",
	year		= "1991",
	title		= "Multitask principal-agent analyses",
	subtitle	= "Incentive contracts, asset ownership, and job design",
	journaltitle= "Journal of Law, Economics, \& Organization",
	volume		= "7",
	number		= "special issue",
	pages		= "24--52",
	langid		= "american",
}

@article{HolmstromMilgrom1994,
	author		= "Bengt Holmström and Paul Milgrom",
	year		= "1994",
	title		= "The firm as an incentive system",
	journaltitle= aer,
	volume		= "84",
	number		= "4",
	pages		= "972--991",
	langid		= "american",
}

@article{Horvath1998,
	author		= "Michael Horvath",
	year		= "1998",
	title		= "Cyclicality and sectoral linkages",
	subtitle	= "Aggregate fluctuations from independent sectoral shocks",
	journaltitle= "Review of Economic Dynamics",
	volume		= "1",
	number		= "4",
	pages		= "781--808",
	langid		= "american",
}

@article{Horvath2000,
	author		= "Michael Horvath",
	year		= "2000",
	title		= "Sectoral shocks and aggregate fluctuations",
	journaltitle= jme,
	volume		= "45",
	number		= "1",
	pages		= "69--106",
	langid		= "american",
}

@article{Hulten1978,
	author		= "Charles R. Hulten",
	year		= "1978",
	title		= "Growth accounting with intermediate inputs",
	journaltitle= restud,
	volume		= "45",
	number		= "3",
	pages		= "511--518",
	langid		= "american",
}

@article{HyllandZeckhauser1979,
	author		= "Aanund Hylland and Richard Zeckhauser",
	year		= "1979",
	title		= "The efficient allocation of individuals to positions",
	journaltitle= jpe,
	volume		= "87",
	number		= "2",
	pages		= "293--314",
	langid		= "american",
}

@article{ImaiKeane2004,
	author		= "Susumu Imai and Michael P. Keane",
	year		= "2004",
	title		= "Intertemporal labor supply and human capital accumulation",
	journaltitle= ier,
	volume		= "45",
	number		= "2",
	pages		= "601--641",
	langid		= "american",
}

@article{ImbensAngrist1994,
	author		= "Guido W. Imbens and Joshua D. Angrist",
	year		= "1994",
	title		= "Identification and estimation of local average treatment effects",
	journaltitle= ecta,
	volume		= "62",
	number		= "2",
	pages		= "467--475",
	langid		= "american",
}

@article{Imbens2002,
	author		= "Guido W. Imbens",
	year		= "2002",
	title		= "Generalized method of moments and empirical likelihood",
	journaltitle= jbes,
	volume		= "20",
	number		= "4",
	pages		= "493--506",
	langid		= "american",
}

@article{JacksonSonnenschein2007,
	author		= "Matthew O. Jackson and Hugo F. Sonnenschein",
	year		= "2007",
	title		= "Overcoming incentive constraints by linking decisions",
	journaltitle= ecta,
	volume		= "75",
	number		= "1",
	pages		= "241--257",
	langid		= "american",
}

@article{Jennrich1969,
	author		= "Robert I. Jennrich",
	year		= "1969",
	title		= "Asymptotic properties of non-linear least squares estimators",
	journaltitle= "Annals of Mathematical Statistics",
	volume		= "40",
	number		= "2",
	pages		= "633--643",
	langid		= "american",
}

@article{Jevons1878,
	author		= "W. Stanley Jevons",
	year		= "1878",
	title		= "Commercial crises and sun-spots",
	journaltitle= "Nature",
	volume		= "19",
	number		= "472",
	pages		= "33--37",
	langid		= "american",
}

@article{JohnsonKoyama2014,
	author		= "Noel D. Johnson and Mark Koyama",
	year		= "2014",
	title		= "Tax farming and the origins of state capacity in {E}ngland and {F}rance",
	journaltitle= "Explorations in Economic History",
	volume		= "51",
	pages		= "1--20",
	langid		= "american",
}

@article{JonesManuelli1997,
	author		= "Larry E. Jones and Rodolfo E. Manuelli",
	year		= "1997",
	title		= "The sources of growth",
	journaltitle= jedc,
	volume		= "21",
	number		= "1",
	pages		= "75--114",
	langid		= "american",
}

@article{Jovanovic1987,
	author		= "Boyan Jovanović",
	year		= "1987",
	title		= "Micro shocks and aggregate risk",
	journaltitle= qje,
	volume		= "102",
	number		= "2",
	pages		= "395--410",
	langid		= "american",
}

@article{JovanovicRousseau2002,
	author		= "Boyan Jovanović and Peter L. Rousseau",
	year		= "2002",
	title		= "The {Q}-theory of mergers",
	journaltitle= aer,
	volume		= "92",
	number		= "2",
	pages		= "198--204",
	langid		= "american",
}

@article{Judd1985,
	author		= "Kenneth L. Judd",
	year		= "1985",
	title		= "The law of large numbers with a continuum of {IID} random variables",
	journaltitle= jet,
	volume		= "35",
	number		= "1",
	pages		= "19--25",
	langid		= "american",
}

@article{Juster1966,
	author		= "T. Juster",
	year		= "1966",
	title		= "Consumer buying intentions and purchase probability",
	subtitle	= "An experiment in survey design",
	journaltitle= jasa,
	volume		= "61",
	number		= "315",
	pages		= "658--696",
	langid		= "american",
}

@article{KajiiMorris1997ecta,
	author		= "Atsushi Kajii and Stephen Morris",
	year		= "1997",
	title		= "The robustness of equilibria to incomplete information",
	journaltitle= ecta,
	volume		= "65",
	number		= "6",
	pages		= "1283--1309",
	langid		= "american",
}

@article{KajiiMorris1997geb,
	author		= "Atsushi Kajii and Stephen Morris",
	year		= "1997",
	title		= "Common $p$-belief",
	subtitle	= "The general case",
	journaltitle= geb,
	volume		= "18",
	number		= "1",
	pages		= "73--82",
	langid		= "american",
}

@article{Kalai2004,
	author		= "Ehud Kalai",
	year		= "2004",
	title		= "Large robust games",
	journaltitle= ecta,
	volume		= "72",
	number		= "6",
	pages		= "1631--1665",
	langid		= "american",
}

@article{KalaiLehrer1993,
	author		= "Ehud Kalai and Ehud Lehrer",
	year		= "1993",
	title		= "Rational learning leads to {N}ash equilibrium",
	journaltitle= ecta,
	volume		= "61",
	number		= "5",
	pages		= "1019--1045",
	langid		= "american",
}

@article{Kaldor1957,
	author		= "Nicholas Kaldor",
	year		= "1957",
	title		= "A model of economic growth",
	journaltitle= ej,
	volume		= "67",
	number  	= "268",
	pages		= "591--624",
	langid		= "british",
}

@article{KamenicaGentzkow2011,
	author		= "Emir Kamenica and Matthew Gentzkow",
	year		= "2011",
	title		= "{B}ayesian persuasion",
	journaltitle= aer,
	volume		= "101",
	number		= "6",
	pages		= "2590--2615",
	langid		= "american",
}

@article{KarlinRinott1980,
	author		= "Samuel Karlin and Yosef Rinott",
	year		= "1980",
	title		= "Classes of orderings of measures and related correlation inequalities. {I.} {M}ultivariate totally positive distributions",
	journaltitle= "Journal of Multivariate Analysis",
	volume		= "10",
	number		= "4",
	pages		= "467--498",
	langid		= "american",
}

@article{KarlinRubin1956,
	author		= "Samuel Karlin and Herman Rubin",
	year		= "1956",
	title		= "The theory of decision procedures for distributions with monotone likelihood ratio",
	journaltitle= "Annals of Mathematical Statistics",
	volume		= "27",
	number		= "2",
	pages		= "272--299",
	langid		= "american",
}

@article{Keane2011,
	author		= "Michael P. Keane",
	year		= "2011",
	title		= "Labor supply and taxes",
	subtitle	= "A survey",
	journaltitle= jel,
	volume		= "49",
	number		= "4",
	pages		= "961--1075",
	langid		= "american",
}

@article{KehoeLevine1993,
	author		= "Timothy J. Kehoe and David K. Levine",
	year		= "1993",
	title		= "Debt-constrained asset markets",
	journaltitle= restud,
	volume		= "60",
	number		= "4",
	pages		= "865--888",
	langid		= "american",
}

@article{KellerRadyCripps2005,
	author		= "Godfrey Keller and Sven Rady and Martin Cripps",
	year		= "2005",
	title		= "Strategic experimentation with exponential bandits",
	journaltitle= ecta,
	volume		= "73",
	number		= "1",
	pages		= "39--68",
	langid		= "american",
}

@article{KimPollard1990,
	author		= "Jeankyung Kim and David Pollard",
	year		= "1990",
	title		= "Cube root asymptotics",
	journaltitle= "Annals of Statistics",
	volume		= "18",
	number		= "1",
	pages		= "191--219",
	langid		= "american",
}

@article{KingPlosserRebelo1988,
	author		= "Robert G. King and Charles I. Plosser and Sergio T. Rebelo",
	year		= "1988",
	title		= "Production, growth and business cycles {I}",
	subtitle	= "The basic neoclassical model",
	journaltitle= jme,
	volume		= "21",
	number		= "2--3",
	pages		= "195--232",
	langid		= "american",
}

@article{KiyotakiMoore1997,
	author		= "Nobuhiro Kiyotaki and John Moore",
	year		= "1997",
	title		= "Credit cycles",
	journaltitle= jpe,
	volume		= "105",
	number		= "2",
	pages		= "211--248",
	langid		= "american",
}

@article{KleinCrawfordAlchian1978,
	author		= "Benjamin Klein and Robert G. Crawford and Armen A. Alchian",
	year		= "1978",
	title		= "Vertical integration, appropriable rents, and the competitive contracting process",
	journaltitle= "Journal of Law \& Economics",
	volume		= "21",
	number		= "2",
	pages		= "297--326",
	langid		= "american",
}

@article{KohlbergMertens1986,
	author		= "Elon Kohlberg and Jean-Françios Mertens",
	year		= "1986",
	title		= "On the strategic stability of equilibria",
	journaltitle= ecta,
	volume		= "54",
	number		= "5",
	pages		= "1003--1037",
	langid		= "american",
}

@article{KreindlerYoung2013,
	author		= "Gabriel E. Kreindler and H. Peyton Young",
	year		= "2013",
	title		= "Fast convergence in evolutionary equilibrium selection",
	journaltitle= geb,
	volume		= "80",
	pages		= "39--67",
	langid		= "american",
}

@article{KreindlerYoung2014,
	author		= "Gabriel E. Kreindler and H. Peyton Young",
	year		= "2014",
	title		= "Rapid innovation diffusion in social networks",
	journaltitle= pnas,
	volume		= "111",
	number		= "3",
	pages		= "10881--10888",
	langid		= "american",
}

@article{KremerMansourPerry2014,
	author		= "Ilan Kremer and Yishay Mansour and Motty Perry",
	year		= "2014",
	title		= "Implementing the `wisdom of the crowd'",
	journaltitle= jpe,
	volume		= "122",
	number		= "5",
	pages		= "988-1012",
	langid		= "american",
}

@article{KrepsEtAl1982,
	author		= "David M. Kreps and Paul Milgrom and John Roberts and Robert Wilson",
	year		= "1982",
	title		= "Rational cooperation in the finitely repeated prisoners' dilemma",
	journaltitle= jet,
	volume		= "27",
	number		= "2",
	pages		= "245--252",
	langid		= "american",
}

@article{KrepsPorteus1978,
	author		= "David M. Kreps and Evan L. Porteus",
	year		= "1978",
	title		= "Temporal resolution of uncertainty and dynamic choice theory",
	journaltitle= ecta,
	volume		= "46",
	number		= "1",
	pages		= "185--200",
	langid		= "american",
}

@article{KrishnaMorgan2008,
	author		= "Vijay Krishna and John Morgan",
	year		= "2008",
	title		= "Contracting for information under imperfect commitment",
	journaltitle= "{RAND} Journal of Economics",
	volume		= "39",
	number		= "4",
	pages		= "905--925",
	langid		= "american",
}

@article{KrusellRiosrull1996,
	author		= "Per Krusell and José-Víctor Ríos-Rull",
	year		= "1996",
	title		= "Vested interests in a postitive theory of stagnation and growth",
	journaltitle= restud,
	volume		= "63",
	number		= "2",
	pages		= "301--329",
	langid		= "american",
}

@article{KrusellSmith1998,
	author		= "Per Krusell and Anthony A. Smith",
	year		= "1998",
	title		= "Income and wealth heterogeneity in the macroeconomy",
	journaltitle= jpe,
	volume		= "106",
	number		= "5",
	pages		= "867--896",
	langid		= "american",
}

@article{KydlandPrescott1982,
	author		= "Finn. E. Kydland and Edward C. Prescott",
	year		= "1982",
	title		= "Time to build and aggregate fluctuations",
	journaltitle= ecta,
	volume		= "50",
	number		= "6",
	pages		= "1345--1370",
	langid		= "american",
}

@article{Lee1992,
	author		= "Myoung-Jae Lee",
	year		= "1992",
	title		= "Median regression for ordered discrete response",
	journaltitle= "Journal of Econometrics",
	volume		= "51",
	number		= "1--2",
	pages		= "59--77",
	langid		= "american",
}

@article{Lipman1991,
	author		= "Barton L. Lipman",
	year		= "1991",
	title		= "How to decide how to decide how to\dots",
	subtitle	= "Modeling limited rationality",
	journaltitle= ecta,
	volume		= "59",
	number		= "4",
	pages		= "1105--1125",
	langid		= "american",
}

@article{LongPlosser1983,
	author		= "John B. Long and Charles I. Plosser",
	year		= "1983",
	title		= "Real business cycles",
	journaltitle= jpe,
	volume		= "91",
	number		= "1",
	pages		= "39--69",
	langid		= "american",
}

@article{Lucas1977,
	author		= "Robert E. Lucas",
	year		= "1977",
	title		= "Understanding business cycles",
	journaltitle= "Carnegie-Rochester Conference Series on Public Policy",
	volume		= "5",
	pages		= "7--29",
	langid		= "american",
}

@article{Lucas1978,
	author		= "Robert E. Lucas",
	year		= "1978",
	title		= "Asset pricing in an exchange economy",
	journaltitle= ecta,
	volume		= "46",
	number		= "6",
	pages		= "1429--1445",
	langid		= "american",
}

@article{LucasRapping1969,
	author		= "Robert E. Lucas and Leonard A. Rapping",
	year		= "1969",
	title		= "Real wages, employment, and inflation",
	journaltitle= jpe,
	volume		= "77",
	number		= "5",
	pages		= "721--754",
	langid		= "american",
}

@article{MackowiakWiederholt2015,
	author		= "Bartosz Maćowiak and Mirko Wiederholt",
	year		= "2015",
	title		= "Business cycle dynamics under rational inattention",
	journaltitle= restud,
	volume		= "82",
	number		= "4",
	pages		= "1502--1532",
	langid		= "american",
}

@article{MariottiMeierPiccione2005,
	author		= "Thomas Mariotti and Martin Meier and Michele Piccione",
	year		= "2005",
	title		= "Hierarchies of beliefs for compact possibility models",
	journaltitle= jme,
	volume		= "41",
	number		= "3",
	pages		= "303--324",
	langid		= "american",
}

@article{ManelliVincent2010,
	author		= "Alejandro M. Manelli and Daniel R. Vincent",
	year		= "2010",
	title		= "{B}ayesian and dominant-strategy implementation in the independent private-values model",
	journaltitle= ecta,
	volume		= "78",
	number		= "6",
	pages		= "1905--1938",
	langid		= "american",
}

@article{Manski1975,
	author		= "Charles F. Manski",
	year		= "1975",
	title		= "Maximum score estimation of the stochastic utility model of choice",
	journaltitle= "Journal of Econometrics",
	volume		= "3",
	number		= "3",
	pages		= "205--228",
	langid		= "american",
}

@article{Manski1985,
	author		= "Charles F. Manski",
	year		= "1985",
	title		= "Semiparametric analysis of discrete response",
	subtitle	= "Asymptotic properties of the maximum score estimator",
	journaltitle= "Journal of Econometrics",
	volume		= "27",
	number		= "3",
	pages		= "313--333",
	langid		= "american",
}

@article{Manski2004,
	author		= "Charles F. Manski",
	year		= "2004",
	title		= "Statistical treatment rules for heterogeneous populations",
	journaltitle= ecta,
	volume		= "72",
	number		= "4",
	pages		= "1221--1246",
	langid		= "american",
}

@article{Manski2009,
	author		= "Charles F. Manski",
	year		= "2009",
	title		= "Diversified treatment under ambiguity",
	journaltitle= ier,
	volume		= "50",
	number		= "4",
	pages		= "1013--1041",
	langid		= "american",
}

@article{Manski2014,
	author		= "Charles F. Manski",
	year		= "2014",
	title		= "Identification of income-leisure preferences and evaluation of income tax policy",
	journaltitle= qe,
	volume		= "5",
	number		= "1",
	pages		= "145--174",
	langid		= "american",
}

@article{ManskiMolinari2010,
	author		= "Charles F. Manski and Francesca Molinari",
	year		= "2010",
	title		= "Rounding probabilistic expectations in surveys",
	journaltitle= jbes,
	volume		= "28",
	number		= "2",
	pages		= "219--231",
	langid		= "american",
}

@article{Matsuyama1999,
	author		= "Kiminori Matsuyama",
	year		= "1999",
	title		= "Growing through cycles",
	journaltitle= ecta,
	volume		= "67",
	number		= "2",
	pages		= "335--347",
	langid		= "american",
}

@article{Mavroeidis2010,
	author		= "Sophocles Mavroeidis",
	year		= "2010",
	title		= "Monetary policy rules and macroeconomic stability",
	subtitle	= "Some new evidence",
	journaltitle= aer,
	volume		= "100",
	number		= "1",
	pages		= "491--503",
	langid		= "american",
}

@article{McafeeMcmillan1987,
	author		= "R. Preston Mc{A}fee and John Mc{M}illan",
	year		= "1987",
	title		= "Auctions with a stochastic number of bidders",
	journaltitle= ecta,
	volume		= "43",
	number		= "1",
	pages		= "1--19",
	langid		= "american",
}

@article{McafeeReny1992,
	author		= "R. Preston Mc{A}fee and Philip J. Reny",
	year		= "1992",
	title		= "Correlated information and mechanism design",
	journaltitle= ecta,
	volume		= "60",
	number		= "2",
	pages		= "395--421",
	langid		= "american",
}

@article{Meier2012,
	author		= "Martin Meier",
	year		= "2012",
	title		= "An infinitary probability logic for type spaces",
	journaltitle= "Israel Journal of Mathematics",
	volume		= "192",
	number		= "1",
	pages		= "1--58",
	langid		= "american",
}

@article{MelumadShibano1991,
	author		= "Nahum D. Melumad and Toshiyuki Shibano",
	year		= "1991",
	title		= "Communication in settings with no transfers",
	journaltitle= "{RAND} Journal of Economics",
	volume		= "22",
	number		= "2",
	pages		= "173--198",
	langid		= "american",
}

@article{MertensZamir1977,
	author		= "Jean-Françios Mertens and Shmuel Zamir",
	year		= "1977",
	title		= "The maximal variation of a bounded martingale",
	journaltitle= "Israel Journal of Mathematics",
	volume		= "27",
	number		= "3--4",
	pages		= "252--276",
	langid		= "american",
}

@article{MertensZamir1985,
	author		= "Jean-Françios Mertens and Shmuel Zamir",
	year		= "1985",
	title		= "Formulation of {B}ayesian analysis for games with incomplete information",
	journaltitle= ijgt,
	volume		= "14",
	number		= "1",
	pages		= "1--29",
	langid		= "american",
}

@article{Milgrom1981ecta,
	author		= "Paul Milgrom",
	year		= "1981",
	title		= "An axiomatic characterization of common knowledge",
	journaltitle= ecta,
	volume		= "49",
	number		= "1",
	pages		= "219--222",
	langid		= "american",
}

@article{Milgrom1981bell,
	author		= "Paul Milgrom",
	year		= "1981",
	title		= "Good news and bad news",
	subtitle	= "Representation theorems and applications",
	journaltitle= "The Bell Journal of Economics",
	volume		= "12",
	number		= "2",
	pages		= "380--391",
	langid		= "american",
}

@article{MilgromRoberts1990aer,
	author		= "Paul Milgrom and John Roberts",
	year		= "1990",
	title		= "The economics of modern manufacturing",
	subtitle	= "Technology, strategy, and organization",
	journaltitle= aer,
	volume		= "80",
	number		= "3",
	pages		= "511--528",
	langid		= "american",
}

@article{MilgromRoberts1990ecta,
	author		= "Paul Milgrom and John Roberts",
	year		= "1990",
	title		= "Rationalizability, learning, and equilibrium in games with strategic complements",
	journaltitle= ecta,
	volume		= "58",
	number		= "6",
	pages		= "1255--1277",
	langid		= "american",
}

@article{MilgromRoberts1996,
	author		= "Paul Milgrom and John Roberts",
	year		= "1996",
	title		= "The {LeChatelier} principle",
	journaltitle= aer,
	volume		= "86",
	number		= "1",
	pages		= "173--179",
	langid		= "american",
}

@article{MilgromSegal2002,
	author		= "Paul Milgrom and Ilya Segal",
	year		= "2002",
	title		= "Envelope theorems for arbitrary choice sets",
	journaltitle= ecta,
	volume		= "70",
	number		= "2",
	pages		= "583--601",
	langid		= "american",
}

@article{MilgromShannon1994,
	author		= "Paul Milgrom and Chris Shannon",
	year		= "1994",
	title		= "Monotone comparative statics",
	journaltitle= ecta,
	volume		= "62",
	number		= "1",
	pages		= "157--180",
	langid		= "american",
}

@article{MilgromWeber1982,
	author		= "Paul Milgrom and Robert J. Weber",
	year		= "1982",
	title		= "A theory of auctions and competitive bidding",
	journaltitle= ecta,
	volume		= "50",
	number		= "5",
	pages		= "1089--1122",
	langid		= "american",
}

@article{Mirrlees1971,
	author		= "James A. Mirrlees",
	year		= "1971",
	title		= "An exploration in the theory of optimum income taxation",
	journaltitle= restud,
	volume		= "38",
	number		= "2",
	pages		= "175--208",
	langid		= "american",
}

@article{Miralles2012,
	author		= "Antonio Miralles",
	year		= "2012",
	title		= "Cardinal {B}ayesian allocation mechanisms without transfers",
	journaltitle= jet,
	volume		= "147",
	number		= "1",
	pages		= "179--206",
	langid		= "american",
}

@article{Mirrlees1976,
	author		= "James A. Mirrlees",
	year		= "1976",
	title		= "Optimal tax theory",
	subtitle	= "A synthesis",
	journaltitle= jpub,
	volume		= "6",
	number		= "4",
	pages		= "327--358",
	langid		= "american",
}

@article{Mokyr2005jeh,
	author		= "Joel Mokyr",
	year		= "2005",
	title		= "The intellectual origins of modern economic growth",
	journaltitle= "Journal of Economic History",
	volume		= "65",
	number		= "2",
	pages		= "285--351",
	langid		= "american",
}

@article{MondererSamet1989,
	author		= "Dov Monderer and Dov Samet",
	year		= "1989",
	title		= "Approximating common knowledge with common beliefs",
	journaltitle= geb,
	volume		= "1",
	number		= "2",
	pages		= "170--190",
	langid		= "american",
}

@article{Morris1999,
	author		= "Stephen Morris",
	year		= "1999",
	title		= "Approximate common knowledge revisited",
	journaltitle= ijgt,
	volume		= "28",
	number		= "3",
	pages		= "385--408",
	langid		= "american",
}

@article{MorrisRobShin1995,
	author		= "Stephen Morris and Rafael Rob and Hyun Song Shin",
	year		= "1995",
	title		= "$p$-dominance and belief potential",
	journaltitle= ecta,
	volume		= "63",
	number		= "1",
	pages		= "145--157",
	langid		= "american",
}

@article{MorrisShin2002,
	author		= "Stephen Morris and Hyun Song Shin",
	year		= "2002",
	title		= "Social value of public information",
	journaltitle= aer,
	volume		= "92",
	number		= "5",
	pages		= "1521--1534",
	langid		= "american",
}

@article{MorrisUi2005,
	author		= "Stephen Morris and Takashi Ui",
	year		= "2005",
	title		= "Generalized potentials and robust sets of equilibria",
	journaltitle= jet,
	volume		= "124",
	number		= "1",
	pages		= "45--78",
	langid		= "american",
}

@article{Moulin1980,
	author		= "Hervé Moulin",
	year		= "1980",
	title		= "On strategy-proofness and single peakedness",
	journaltitle= "Public Choice",
	volume		= "35",
	number		= "4",
	pages		= "437--455",
	langid		= "american",
}

@article{MurtoValimaki2011,
	author		= "Pauli Murto and Juuso Välimäki",
	year		= "2011",
	title		= "Learning and information aggregation in an exit game",
	journaltitle= restud,
	volume		= "78",
	number		= "4",
	pages		= "1426--1461",
	langid		= "american",
}

@article{MussaRosen1978,
	author		= "Michael Mussa and Sherwin Rosen",
	year		= "1978",
	title		= "Monopoly and product quality",
	journaltitle= jet,
	volume		= "18",
	number		= "2",
	pages		= "301--317",
	langid		= "american",
}

@article{Myerson1981,
	author		= "Roger B. Myerson",
	year		= "1981",
	title		= "Optimal auction design",
	journaltitle= "Mathematics of Operations Research",
	volume		= "6",
	number		= "1",
	pages		= "58--73",
	langid		= "american",
}

@article{Myerson1986,
	author		= "Roger B. Myerson",
	year		= "1986",
	title		= "Multistage games with communication",
	journaltitle= ecta,
	volume		= "54",
	number		= "2",
	pages		= "323--358",
	langid		= "american",
}

@article{Myerson1998,
	author		= "Roger B. Myerson",
	year		= "1998",
	title		= "Population uncertainty and {P}oisson games",
	journaltitle= ijgt,
	volume		= "27",
	number		= "3",
	pages		= "375--392",
	langid		= "american",
}

@article{MyersonSatterthwaite1983,
	author		= "Roger B. Myerson and Mark A. Satterthwaite",
	year		= "1983",
	title		= "Efficient mechanisms for bilateral trading",
	journaltitle= "Journal of Economic Theory",
	volume		= "29",
	number		= "2",
	pages		= "265--281",
	langid		= "american",
}

@article{Nash1950,
	author		= "John F. Nash",
	year		= "1950",
	title		= "Equilibrium points in $n$-person games",
	journaltitle= pnas,
	volume		= "36",
	number		= "1",
	pages		= "48--49",
	langid		= "american",
}

@article{Neeman2004,
	author		= "Zvika Neeman",
	year		= "2004",
	title		= "The relevance of private information in mechanism design",
	journaltitle= jet,
	volume		= "117",
	number		= "1",
	pages		= "55--77",
	langid		= "american",
}

@article{NeweyWest1987,
	author		= "Whitney K. Newey and Kenneth D. West",
	year		= "1987",
	title		= "A simple, positive semi-definite, heteroskedasticity and autocorrelation consistent covariance matrix",
	journaltitle= ecta,
	volume		= "55",
	number		= "3",
	pages		= "703--708",
	langid		= "american",
}

@article{Neyman2013,
	author		= "Abraham Neyman",
	year		= "2013",
	title		= "The maximal variation of martingales of probabilities and repeated games with incomplete information",
	journaltitle= "Journal of Theoretical Probability",
	volume		= "26",
	number		= "2",
	pages		= "557--567",
	langid		= "american",
}

@article{NeymanScott1948,
	author		= "Jerzy Neyman and Elizabeth L. Scott",
	year		= "1948",
	title		= "Consistent estimates based on partially consistent observations",
	journaltitle= ecta,
	volume		= "16",
	number		= "1",
	pages		= "1--32",
	langid		= "american",
}

@article{Oettinger1999,
	author		= "Gerald S. Oettinger",
	year		= "1999",
	title		= "An empirical analysis of the daily labor supply of stadium vendors",
	journaltitle= jpe,
	volume		= "107",
	number		= "2",
	pages		= "360--392",
	langid		= "american",
}

@article{OroszKrauskopfWilson2006,
	author		= "Gábor Orosz and Bernd Krauskopf and R. Eddie Wilson",
	year		= "2006",
	title		= "Traffic jam dynamics in a car-following model with reaction-time delay and stochasticity of drivers",
	journaltitle= "Proceedings of the 6th IFAC Workshop on Time-Delay Systems",
	pages		= "199--204",
	langid		= "american",
}

@article{OyamaTercieux2010,
	author		= "Daisuke Oyama and Olivier Tercieux",
	year		= "2010",
	title		= "Robust equilibria under non-common priors",
	journaltitle= jet,
	volume		= "145",
	number		= "2",
	pages		= "752--784",
	langid		= "american",
}

@article{Penta2012,
	author		= "Antonio Penta",
	year		= "2012",
	title		= "Higher order uncertainty and information",
	subtitle	= "Static and dynamic games",
	journaltitle= ecta,
	volume		= "80",
	number		= "2",
	pages		= "631--660",
	langid		= "american",
}

@article{Penta2013,
	author		= "Antonio Penta",
	year		= "2013",
	title		= "On the structure of rationalizability for arbitrary spaces of uncertainty",
	journaltitle= te,
	volume		= "8",
	number		= "2",
	pages		= "405--430",
	langid		= "american",
}

@article{Prescott1998,
	author		= "Edward C. Prescott",
	year		= "1998",
	title		= "Needed",
	subtitle	= "A theory of total factor productivity",
	journaltitle= ier,
	volume		= "39",
	number		= "3",
	pages		= "525--551",
	langid		= "american",
}

@article{Prescott1986,
	author		= "Edward C. Prescott",
	year		= "1986",
	title		= "Theory ahead of business cycle measurement",
	journaltitle= "Quarterly Review of the Federal Reserve Bank of Minneapolis",
	volume		= "Fall 1986",
	pages		= "9--22",
	langid		= "american",
}

@article{PrescottMehra1980,
	author		= "Edward C. Prescott and Rajnish Mehra",
	year		= "1980",
	title		= "Recursive competitive equilibrium",
	subtitle	= "The case of homogeneous households",
	journaltitle= ecta,
	volume		= "48",
	number		= "6",
	pages		= "1365--1379",
	langid		= "american",
}

@article{QuahStrulovici2009,
	author		= "John K.-H. Quah and Bruno Strulovici",
	year		= "2009",
	title		= "Comparative statics, informativeness, and the interval dominance order",
	journaltitle= ecta,
	volume		= "77",
	number		= "6",
	pages		= "1949--1992",
	langid		= "american",
}

@article{Ramsey1928,
	author		= "Frank P. Ramsey",
	year		= "1928",
	title		= "A mathematical theory of saving",
	journaltitle= ej,
	volume		= "38",
	number		= "152",
	pages		= "543--559",
	langid		= "british",
}

@article{RayoSegal2010,
	author		= "Luis Rayo and Ilya Segal",
	year		= "2010",
	title		= "Optimal information disclosure",
	journaltitle= jpe,
	volume		= "118",
	number		= "5",
	pages		= "949--987",
	langid		= "american",
}

@article{Reny2015,
	author		= "Philip J. Reny",
	year		= "2015",
	title		= "A characterization of rationalizable consumer behavior",
	journaltitle= ecta,
	volume		= "83",
	number		= "1",
	pages		= "175--192",
	langid		= "american",
}

@article{Renyi1955,
	author		= "Alfréd Rényi",
	year		= "1955",
	title		= "On a new axiomatic theory of probability",
	journaltitle= "Acta Mathematica Academiae Scientiarum Hungarica",
	volume		= "6",
	number		= "3",
	pages		= "285--335",
	langid		= "american",
}

@article{Rochet1987,
	author		= "J. C. Rochet",
	year		= "1987",
	title		= "A necessary and sufficient condition for rationalizability in the quasilinear context",
	journaltitle= "Journal of Mathematical Economics",
	volume		= "16",
	number		= "2",
	pages		= "191--200",
	langid		= "american",
}

@article{Rockafellar1966,
	author		= "R. Tyrell Rockafellar",
	year		= "1966",
	title		= "Characterization of the subdifferentials of convex functions",
	journaltitle= "Pacific Journal of Mathematics",
	volume		= "17",
	number		= "3",
	pages		= "497--510",
	langid		= "american",
}

@article{Rogerson1988,
	author		= "Richard Rogerson",
	year		= "1988",
	title		= "Indivisible labor, lotteries and equilibrium",
	journaltitle= jme,
	volume		= "21",
	number		= "1",
	pages		= "3--16",
	langid		= "american",
}

@article{Romer1987,
	author		= "Paul M. Romer",
	year		= "1987",
	title		= "Growth based on increasing returns due to specialization",
	journaltitle= aer,
	volume		= "77",
	number		= "2",
	pages		= "56--62",
	langid		= "american",
}

@article{RomerRomer2004,
	author		= "Christina D. Romer and David H. Romer",
	year		= "2004",
	title		= "A new measure of monetary shocks",
	subtitle	= "Derivation and implications",
	journaltitle= aer,
	volume		= "94",
	number		= "4",
	pages		= "1055--1084",
	langid		= "american",
}

@article{RotembergSaloner1986,
	author		= "Julio J. Rotemberg and Garth Saloner",
	year		= "1986",
	title		= "A supergame-theoretic model of price wars during booms",
	journaltitle= aer,
	volume		= "77",
	number		= "3",
	pages		= "390--407",
	langid		= "american",
}

@article{Roth1982,
	author		= "Alvin E. Roth",
	year		= "1982",
	title		= "The economics of matching",
	subtitle	= "Stability and incentives",
	journaltitle= "Mathematics of Operations Research",
	volume		= "7",
	number		= "4",
	pages		= "617--628",
	langid		= "american",
}

@article{RothPeranson1999,
	author		= "Alvin E. Roth and Elliott Peranson",
	year		= "1999",
	title		= "The redesign of the matching market for {A}merican physicians",
	subtitle	= "Some engineering aspects of economic design",
	journaltitle= aer,
	volume		= "89",
	number		= "4",
	pages		= "748--780",
	langid		= "american",
}

@article{Rubinstein1989,
	author		= "Ariel Rubinstein",
	year		= "1989",
	title		= "The electronic mail game",
	subtitle	= "Strategic behavior under `almost common knowledge'",
	journaltitle= aer,
	volume		= "79",
	number		= "3",
	pages		= "385--391",
	langid		= "american",
}

@article{SaezmartiWeibull1999,
	author		= "María Sáez-Marti and Jörgen W. Weibull",
	year		= "1999",
	title		= "Clever agents in {Y}oung's evolutionary bargaining model",
	journaltitle= jet,
	volume		= "86",
	number		= "2",
	pages		= "268--279",
	langid		= "american",
}

@article{SaksYu2005,
	author		= "Michael Saks and Lan Yu",
	year		= "2005",
	title		= "Weak monotonicity suffices for truthfulness on convex domains",
	journaltitle= "Proceedings of the 6th {ACM} conference on electronic commerce",
	pages		= "286--293",
	langid		= "american",
}

@article{Santos1991,
	author		= "Manuel S. Santos",
	year		= "1991",
	title		= "Smoothness of the policy function in discrete time economic models",
	journaltitle= ecta,
	volume		= "59",
	number		= "5",
	pages		= "1365--1382",
	langid		= "american",
}

@article{Sattinger1975,
	author		= "Michael Sattinger",
	year		= "1975",
	title		= "Comparative advantage and the distributions of earnings and abilities",
	journaltitle= ecta,
	volume		= "43",
	number		= "3",
	pages		= "455--468",
	langid		= "american",
}

@article{Schelling1971,
	author		= "Thomas C. Schelling",
	year		= "1971",
	title		= "Dynamic models of segregation",
	journaltitle= "Journal of Mathematical Sociology",
	volume		= "1",
	number		= "2",
	pages		= "143--186",
	langid		= "american",
}

@article{Serfling1970,
	author		= "Robert J. Serfling",
	year		= "1970",
	title		= "Convergence properties of {$S_n$} under moment restrictions",
	journaltitle= "Annals of Mathematical Statistics",
	volume		= "41",
	number		= "4",
	pages		= "1235--1248",
	langid		= "american",
}

@article{ShapiroStiglitz1984,
	author		= "Carl Shapiro and Joseph E. Stiglitz",
	year		= "1984",
	title		= "Equilibrium unemployment as a worker discipline device",
	journaltitle= aer,
	volume		= "74",
	number		= "3",
	pages		= "433--444",
	langid		= "american",
}

@article{Shimer2005,
	author		= "Robert Shimer",
	year		= "2005",
	title		= "The cyclical behavior of equilibrium unemployment and vacancies",
	journaltitle= aer,
	volume		= "95",
	number		= "1",
	pages		= "25--49",
	langid		= "american",
}

@article{Shleifer1986,
	author		= "Andrei Shleifer",
	year		= "1986",
	title		= "Implementation cycles",
	journaltitle= jpe,
	volume		= "94",
	number		= "6",
	pages		= "1163--1190",
	langid		= "american",
}

@article{Simon1955,
	author		= "Herbert A. Simon",
	year		= "1955",
	title		= "A behavioral model of rational choice",
	journaltitle= qje,
	volume		= "69",
	number		= "1",
	pages		= "99--118",
	langid		= "american",
}

@article{Slutsky1937,
	author		= "Eugen Slutsky",
	year		= "1937",
	title		= "The summation of random causes as the source of cyclic processes",
	journaltitle= ecta,
	volume		= "5",
	number		= "2",
	pages		= "105--146",
	langid		= "american",
}

@article{SmetsWouters2007,
	author		= "Frank Smets and Rafael Wouters",
	year		= "2007",
	title		= "Shocks and frictions in {US} business cycles",
	subtitle	= "A {B}ayesian {DSGE} approach",
	journaltitle= aer,
	volume		= "97",
	number		= "3",
	pages		= "586--606",
	langid		= "american",
}

@article{Solow1956,
	author		= "Robert M. Solow",
	year		= "1956",
	title		= "A contribution to the theory of economic growth",
	journaltitle= qje,
	volume		= "70",
	number		= "1",
	pages		= "65--94",
	langid		= "american",
}

@article{Solow1979,
	author		= "Robert M. Solow",
	year		= "1979",
	title		= "Another possible source of wage stickiness",
	journaltitle= "Journal of Macroeconomics",
	volume		= "1",
	number		= "1",
	pages		= "79--82",
	langid		= "american",
}

@article{SongStoreslettenZilibotti2011,
	author		= "Zheng Song and Kjetil Storesletten and Fabrizio Zilibotti",
	year		= "2011",
	title		= "Growing Like {C}hina",
	journaltitle= aer,
	volume		= "101",
	number		= "1",
	pages		= "196--233",
	langid		= "american",
}

@article{Sorin1999,
	author		= "Sylvain Sorin",
	year		= "1999",
	title		= "Merging, reputation, and repeated games with incomplete information",
	journaltitle= geb,
	volume		= "29",
	number		= "1--2",
	pages		= "274--308",
	langid		= "american",
}

@article{Spence1973,
	author		= "Michael Spence",
	year		= "1973",
	title		= "Job market signaling",
	journaltitle= qje,
	volume		= "87",
	number		= "3",
	pages		= "355--374",
	langid		= "american",
}

@article{Spence1974,
	author		= "Michael Spence",
	year		= "1974",
	title		= "Competitive and optimal responses to signals",
	subtitle	= "An analysis of efficiency and distribution",
	journaltitle= jet,
	volume		= "7",
	number		= "3",
	pages		= "296--332",
	langid		= "american",
}

@article{SquicciariniVoigtlander2015,
	author		= "Mara P. Squicciarini and Nico Voigtländer",
	year		= "2015",
	title		= "Human capital and industrialization",
	subtitle	= "Evidence from the {A}ge of {E}nlightenment",
	journaltitle= qje,
	volume		= "130",
	number		= "4",
	pages		= "1825--1883",
	langid		= "american",
}

@article{Stiglitz1987,
	author		= "Joseph E. Stiglitz",
	year		= "1987",
	title		= "The causes and consequences of the dependence of quality on price",
	journaltitle= jel,
	volume		= "25",
	number		= "1",
	pages		= "1--48",
	langid		= "american",
}

@article{Sun2006,
	author		= "Yeneng Sun",
	year		= "2006",
	title		= "The exact law of large numbers via {F}ubini extension and characterization of insurable risks",
	journaltitle= jet,
	volume		= "126",
	number		= "1",
	pages		= "31--69",
	langid		= "american",
}

@article{SunZhang2009,
	author		= "Yeneng Sun and Yongchao Zhang",
	year		= "2009",
	title		= "Individual risk and {L}ebesgue extension without aggregate uncertainty",
	journaltitle= jet,
	volume		= "144",
	number		= "1",
	pages		= "432--443",
	langid		= "american",
}

@article{Tarski1955,
	author		= "Alfred Tarski",
	year		= "1955",
	title		= "A lattice-theoretical fixpoint theorem and its applications",
	journaltitle= "Pacific Journal of Mathematics",
	volume		= "5",
	number		= "2",
	pages		= "285--309",
	langid		= "american",
}

@article{Topkis1978,
	author		= "Donald M. Topkis",
	year		= "1978",
	title		= "Minimizing a submodular function on a lattice",
	journaltitle= "Operations Research",
	volume		= "26",
	number		= "2",
	pages		= "305--321",
	langid		= "american",
}

@article{Townsend1979,
	author		= "Robert M. Townsend",
	year		= "1979",
	title		= "Optimal contracts and competitive markets with costly state verification",
	journaltitle= jet,
	volume		= "21",
	number		= "2",
	pages		= "265--293",
	langid		= "american",
}

@article{Townsend1982,
	author		= "Robert M. Townsend",
	year		= "1982",
	title		= "Optimal multiperiod contracts and the gain from enduring relationships under private information",
	journaltitle= jpe,
	volume		= "90",
	number		= "6",
	pages		= "1166--1186",
	langid		= "american",
}

@article{Uhlig1996,
	author		= "Harald Uhlig",
	year		= "1996",
	title		= "A law of large numbers for large economies",
	journaltitle= "Economic Theory",
	volume		= "8",
	pages		= "41--50",
	langid		= "american",
}

@article{Ui2001,
	author		= "Takashi Ui",
	year		= "2001",
	title		= "Robust equilibria of potential games",
	journaltitle= ecta,
	volume		= "69",
	number		= "5",
	pages		= "1373--1380",
	langid		= "american",
}

@article{Vonneumann1928,
	author		= "John {von Neumann}",
	year		= "1928",
	title		= "Zur {T}heorie der {G}esellschaftsspiele",
	journaltitle= "Mathematische Annalen",
	volume		= "100",
	number		= "1",
	pages		= "295--320",
	langid		= "american",
}

@article{VanzandtVives2007,
	author		= "Timothy {van Zandt} and Xavier Vives",
	year		= "2007",
	title		= "Monotone equilibria in {B}ayesian games of strategic complementarities",
	journaltitle= jet,
	volume		= "134",
	number		= "1",
	pages		= "339--360",
	langid		= "american",
}

@article{Vives1990,
	author		= "Xavier Vives",
	year		= "1990",
	title		= "{N}ash equilibrium with strategic complementarities",
	journaltitle= "Journal of Mathematical Economics",
	volume		= "19",
	number		= "3",
	pages		= "305--321",
	langid		= "american",
}

@article{WeinsteinYildiz2007,
	author		= "Jonathan Weinstein and Muhamet Y{\i}ld{\i}z",
	year		= "2007",
	title		= "A structure theorem for rationalizability with application to robust predictions of refinements",
	journaltitle= ecta,
	volume		= "75",
	number		= "2",
	pages		= "365--400",
	langid		= "american",
}

@article{WeinsteinYildiz2011,
	author		= "Jonathan Weinstein and Muhamet Y{\i}ld{\i}z",
	year		= "2011",
	title		= "Sensitivity of equilibrium behavior to higher-order beliefs in nice games",
	journaltitle= geb,
	volume		= "72",
	number		= "1",
	pages		= "288--300",
	langid		= "american",
}

@article{WeinsteinYildiz2013,
	author		= "Jonathan Weinstein and Muhamet Y{\i}ld{\i}z",
	year		= "2013",
	title		= "Robust predictions in infinite-horizon games---an unrefinable folk theorem",
	journaltitle= restud,
	volume		= "80",
	number		= "1",
	pages		= "365--394",
	langid		= "american",
}

@article{White1982,
	author		= "Halbert White",
	year		= "1982",
	title		= "Maximum likelihood estimation of misspecified models",
	journaltitle= ecta,
	volume		= "1",
	number		= "50",
	pages		= "1--25",
	langid		= "american",
}

@article{Wilansky1951,
	author		= "Albert Wilansky",
	year		= "1951",
	title		= "The row-sums of the inverse matrix",
	journaltitle= "American Mathematical Monthly",
	volume		= "58",
	number		= "9",
	pages		= "614--615",
	langid		= "american",
}

@article{Williamson1979,
	author		= "Oliver E. Williamson",
	year		= "1979",
	title		= "Transaction-cost economics",
	subtitle	= "The governance of contractual relations",
	journaltitle= "Journal of Law \& Economics",
	volume		= "22",
	number		= "2",
	pages		= "233--261",
	langid		= "american",
}

@article{Young1993,
	author		= "H. Peyton Young",
	year		= "1993",
	title		= "The evolution of conventions",
	journaltitle= ecta,
	volume		= "61",
	number		= "1",
	pages		= "57--84",
	langid		= "american",
}

@article{YoungBurke2001,
	author		= "H. Peyton Young and Mary A. Burke",
	year		= "2001",
	title		= "Competition and custom in economic contracts",
	subtitle	= "A case study of {I}llinois agriculture",
	journaltitle= aer,
	volume		= "91",
	number		= "3",
	pages		= "559--573",
	langid		= "american",
}

@article{Zhang2004,
	author		= "Junfu Zhang",
	year		= "2004",
	title		= "A dynamic model of residential segregation",
	journaltitle= "Journal of Mathematical Sociology",
	volume		= "28",
	number		= "3",
	pages		= "147--170",
	langid		= "american",
}

@article{Zhou1994,
	author		= "Lin Zhou",
	year		= "1994",
	title		= "The set of {N}ash equilibria of a supermodular game is a complete lattice",
	journaltitle= geb,
	volume		= "7",
	number		= "2",
	pages		= "295--300",
	langid		= "american",
}


--------------
working papers

@unpublished{AcemogluEtAl2013,
	author		= "Daron Acemo\u{g}lu and Asuman Özda\u{g}lar and Alireza Tahbaz-Salehi",
	year		= "2013",
	title		= "The network origins of large economic downturns",
	note		= "Working paper, Jul 2013",
	langid		= "american",
}

@unpublished{ArieliBabichenko2016,
	author		= "Itai Arieli and Yakov Babichenko",
	year		= "2016",
	title		= "Private {B}ayesian persuasion",
	note		= "Working paper, 30 Sep 2016",
	langid		= "american",
}

@unpublished{Atalay2014,
	author		= "Enghin Atalay",
	year		= "2014",
	title		= "How important are sectoral shocks?",
	note		= "Working paper, 16 Jun 2014",
	langid		= "american",
}

@unpublished{Baqaee2014,
	author		= "David Rezza Baqaee",
	year		= "2014",
	title		= "Cascading failures in production networks",
	note		= "Working paper, 18 Dec 2014",
	langid		= "american",
}

@unpublished{Baqaee2015,
	author		= "David Rezza Baqaee",
	year		= "2015",
	title		= "Cascading failures in production networks",
	note		= "Working paper, 14 Jan 2015",
	langid		= "american",
}

@unpublished{Barbera2010,
	author		= "Salvador Barberà",
	year		= "2010",
	title		= "Strategy-proof social choice",
	note		= "Working paper, 2 Feb 2010",
	langid		= "american",
}

@unpublished{BardhiGuo2016,
	author		= "Arjada Bardhi and Yingni Guo",
	year		= "2016",
	title		= "Modes of persuasion toward unanimous consent",
	note		= "Working paper, Dec 2016",
	langid		= "american",
}

@unpublished{BeaudryGaliziaPortier2014,
	author		= "Paul Beaudry and Dana Galizia and Franck Portier",
	year		= "2014",
	title		= "Reconciling {H}ayek's and {K}eynes' views of recessions",
	note		= "NBER working paper 20101",
	langid		= "american",
}

@unpublished{BeaudryGaliziaPortier2015,
	author		= "Paul Beaudry and Dana Galizia and Franck Portier",
	year		= "2015",
	title		= "Reviving the limit cycle view of macroeconomic fluctuations",
	note		= "NBER working paper 20101",
	langid		= "american",
}

@unpublished{Burlon2014,
	author		= "Lorenzo Burlon",
	year		= "2014",
	title		= "Networks of strategic interactions and aggregate volatility",
	note		= "Working paper, 31 Jan 2014",
	langid		= "american",
}

@unpublished{CallanderMatouschek2014,
	author		= "Steven Callander and Niko Matouschek",
	year		= "2014",
	title		= "Optimal search on rugged landscapes",
	note		= "Working paper, 8 Jun 2014",
	langid		= "american",
}

@unpublished{CheHorner2015,
	author		= "Yeon-Koo Che and Johannes Hörner",
	year		= "2015",
	title		= "Optimal design for social learning",
	note		= "Working paper, Apr 2015",
	langid		= "american",
}

@unpublished{ChenTakahashiXiong2014work,
	author		= "Yi-Chun Chen and Satoru Takahashi and Siyang Xiong",
	year		= "2014",
	title		= "The {W}einstein-{Y}ildiz critique and robust predictions with arbitrary payoff uncertainty",
	note		= "Working paper, 4 Dec 2014",
	langid		= "american",
}

@unpublished{CheremukhinEtAl2013,
	author		= "Anton Cheremukhin and Mikhail Golosov and Sergei Guriev and Aleh Tsyvinski",
	year		= "2013",
	title		= "Was {S}talin necessary for {R}ussia's economic development?",
	note		= "NBER working paper 19425",
	langid		= "american",
}

@unpublished{Christiano2015,
	author		= "Lawrence J. Christiano",
	year		= "2015",
	title		= "Discussion of `{N}etworks and the macroeconomy: {A}n empirical exploration' by {D}aron {A}cemoglu, {U}fuk {A}kcigit and {W}illiam {K}err",
	note		= "NBER working paper 19425",
	langid		= "american",
}

@unpublished{ChristianoEichenbaumTrabandt2015,
	author		= "Lawrence J. Christiano and Martin S. Eichenbaum and Mathias Trabandt",
	year		= "2015",
	title		= "Unemployment and business cycles",
	note		= "Working paper, 15 Apr 2015",
	langid		= "american",
}

@unpublished{ChungEly2006,
	author		= "Kim-Sau Chung and Jeffrey C. Ely",
	year		= "2006",
	title		= "Ex-post incentive compatible mechanism design",
	note		= "Working paper, 17 May 2006",
	langid		= "american",
}

@unpublished{DovalEly2016,
	author		= "Laura Doval and Jeffrey C. Ely",
	year		= "2016",
	title		= "Sequential information design",
	note		= "Working paper, 28 Aug 2016",
	langid		= "american",
}

@unpublished{Ely2015,
	author		= "Jeffrey C. Ely",
	year		= "2015",
	title		= "Beeps",
	note		= "Working paper, 12 Feb 2015",
	langid		= "american",
}

@unpublished{ElySzydlowski2017,
	author		= "Jeffrey C. Ely and Martin Szydlowski",
	year		= "2017",
	title		= "Moving the goalposts",
	note		= "Preliminary draft",
	langid		= "american",
}

@unpublished{Geerolf2014,
	author		= "François Geerolf",
	year		= "2014",
	title		= "A static and microfounded theory of {Z}ipf's law for firms and of the top labor income distribution",
	note		= "Working paper, Sep 2014",
	langid		= "american",
}

@unpublished{GershkovMoldovanuShi2013,
	author		= "Alex Gershkov and Benny Moldovanu and Xianwen Shi",
	year		= "2013",
	title		= "Optimal mechanism design without money",
	note		= "Working paper, 10 Apr 2013",
	langid		= "american",
}

@unpublished{Green1994,
	author		= "Edward J. Green",
	year		= "1994",
	title		= "Individual-level randomness in a nonatomic population",
	note		= "Working paper, Feb 1994",
	langid		= "american",
}

@unpublished{GuoHorner2015,
	author		= "Yingni Guo and Johannes Hörner",
	year		= "2015",
	title		= "Dynamic mechanisms without money",
	note		= "Working paper, Aug 2015",
	langid		= "american",
}

@unpublished{HalacKartikLiu2016,
	author		= "Marina Halac and Navin Kartik and Qingmin Liu",
	year		= "2016",
	title		= "Contests for experimentation",
	note		= "Working paper, 19 Feb 2016",
	langid		= "american",
}

@unpublished{HalpernPass2012,
	author		= "Joseph Y. Halpern and Rafael Pass",
	year		= "2012",
	title		= "Game theory with translucent players",
	note		= "Working paper, 27 Nov 2012",
	langid		= "american",
}

@unpublished{HornerLambert2016,
	author		= "Johannes Hörner and Nicolas Lambert",
	year		= "2016",
	title		= "Motivational ratings",
	note		= "Working paper, Apr 2016",
	langid		= "american",
}

@unpublished{HoffmannInderstOttaviani2014,
	author		= "Florian Hoffmann and Roman Inderst and Marco Ottaviani",
	year		= "2014",
	title		= "Persuasion through selective disclosure",
	subtitle	= "Implications for marketing, campaigning, and privacy regulation",
	note		= "Working paper, Nov 2014",
	langid		= "american",
}

@unpublished{HornerSkrzypacz2016,
	author		= "Johannes Hörner and Andrzej Skrzypacz",
	year		= "2016",
	title		= "Learning, experimentation and information design",
	note		= "Working paper, 4 Aug 2016",
	langid		= "american",
}

@unpublished{ImbensKolesar2012,
	author		= "Guido W. Imbens and Michal Kolesar",
	year		= "2012",
	title		= "Robust standard errors in small samples",
	subtitle	= "Some practical advice",
	note		= "NBER working paper 18478",
	langid		= "american",
}

@unpublished{ImbensKolesar2016,
	author		= "Guido W. Imbens and Michal Kolesar",
	year		= "2016",
	title		= "Robust standard errors in small samples",
	subtitle	= "Some practical advice",
	note		= "Working paper, March 2016",
	langid		= "american",
}

@unpublished{JovanovicRousseau2001,
	author		= "Boyan Jovanović and Peter L. Rousseau",
	year		= "2001",
	title		= "Stock markets in the new economy",
	note		= "Working paper, 14 Aug 2001",
	langid		= "american",
}

@unpublished{KolotilinEtAl2016,
	author		= "Anton Kolotilin and Ming Li and Tymofiy Mylovanov and Andriy Zapechelnyuk",
	year		= "2016",
	title		= "Persuasion of a privately informed receiver",
	note		= "Working paper, 18 Feb 2016",
	langid		= "american",
}

@unpublished{Oberfield2013,
	author		= "Ezra Oberfield",
	year		= "2013",
	title		= "Business networks, production chains, and productivity",
	subtitle	= "A theory of input-output architecture",
	note		= "Working paper, 20 Oct 2013",
	langid		= "american",
}

@unpublished{OrlovSkrzypaczZryumov2016,
	author		= "Dmitry Orlov and Andrzej Skrzypacz and Pavel Zryumov",
	year		= "2016",
	title		= "Persuading the regulator to wait",
	note		= "Working paper, 13 Feb 2016",
	langid		= "american",
}

@unpublished{Lao2013,
	author		= "Jennifer La'O",
	year		= "2013",
	title		= "A traffic jam theory of recessions",
	note		= "Working paper, 11 Dec 2013",
	langid		= "american",
}

@unpublished{Lao2015,
	author		= "Jennifer La'O",
	year		= "2015",
	title		= "A traffic jam theory of recessions",
	note		= "Working paper, 15 Sep 2015",
	langid		= "american",
}

@unpublished{Leung2014,
	author		= "Michael Leung",
	year		= "2014",
	title		= "A random-field approach to inference in large models of network formation",
	note		= "Working paper, 15 Nov 2014",
	langid		= "american",
}

@unpublished{LevinNatalucciZakrajsek2004,
	author		= "Andrew T. Levin and Fabio M. Natalucci and Egon Zakrajšek",
	year		= "2004",
	title		= "The magnitude and cyclical behavior of financial market frictions",
	note		= "Working paper",
	langid		= "american",
}

@unpublished{Levy2014,
	author		= "John Levy",
	year		= "2014",
	title		= "Rational learning need not lead to exact {N}ash equilibrium",
	note		= "Working paper",
	langid		= "american",
}

@unpublished{Mensch2016,
	author		= "Jeffrey Mensch",
	year		= "2016",
	title		= "On the existence of monotone pure-strategy perfect {B}ayesian equilibrium in games with complementarities",
	note		= "Working paper",
	langid		= "american",
}

@unpublished{RenaultSolanVieille2016,
	author		= "Jérôme Renault and Eilon Solan and Nicolas Vieille",
	year		= "2016",
	title		= "Optimal dynamic information provision",
	note		= "Working paper, Feb 2016",
	langid		= "american",
}

@unpublished{SaezSlemrodGierz2009,
	author		= "Emmanuel Saez and Joel B. Slemrod and Seth H. Giertz",
	year		= "2009",
	title		= "The elasticity of taxable income with respect to marginal tax rates",
	note		= "NBER working paper 15012",
	langid		= "american",
}

@unpublished{Salcedo2017,
	author		= "Bruno Salcedo",
	year		= "2017",
	title		= "Interdependent choices",
	note		= "Working paper, 1 Jan 2017",
	langid		= "american",
}

@unpublished{Woodford1986,
	author		= "Michael Woodford",
	year		= "1986",
	title		= "Stationary sunspot equilibria",
	subtitle	= "The case of small fluctuations around a deterministic steady state",
	note		= "Working paper, Sep 1986",
	langid		= "american",
}

@unpublished{Yildiz2004,
	author		= "Muhamet Y{\i}ld{\i}z",
	year		= "2004",
	title		= "Generic uniqueness of rationalizable actions",
	note		= "Working paper, Oct 2004",
	langid		= "american",
}

@unpublished{Young2014,
	author		= "H. Peyton Young",
	year		= "2014",
	title		= "The evolution of social norms",
	note		= "Working paper, 1 Oct 2014",
	langid		= "american",
}


--------
chapters

@incollection{AckerbergEtAl2007,
	author			= "Daniel Ackerberg and C. Lanier Benkard and Steven Berry and Ariel Pakes",
	year			= "2007",
	title			= "Econometric tools for analysing market outcomes",
	editor			= "James J. Heckman and Edward E. Leamer",
	booktitle		= "Handbook of econometrics",
	volume			= "6A",
	chapter			= "63",
	pages			= "4171--4276",
	publisher		= "North-Holland",
	address			= "Amsterdam",
	langid			= "american",
}

@incollection{Anderson1991,
	author			= "Robert M. Anderson",
	year			= "1991",
	title			= "Non-standard analysis with applications to economics",
	editor			= "James J. Heckman and Edward E. Leamer",
	booktitle		= "Handbook of mathematical economics",
	volume			= "4",
	chapter			= "39",
	pages			= "2145--2208",
	publisher		= "North-Holland",
	address			= "Amsterdam",
	langid			= "american",
}

@incollection{AngeletosLao2009,
	author			= "George-Marios Angeletos and Jennifer {La'O}",
	year			= "2009",
	title			= "Noisy business cycles",
	editor			= "Daron Acemo\u{g}lu and Kenneth Rogoff and Michael Woodford",
	booktitle		= "{NBER} macroeconomics annual",
	volume			= "24",
	chapter			= "5",
	pages			= "319--378",
	publisher		= mit,
	address			= "Cambridge, MA",
	langid			= "american",
}

@incollection{ArmbrusterBoge1979,
	author			= "W. Armbruster and W. Böge",
	year			= "1979",
	title			= "{B}ayesian game theory",
	editor			= "Otto Moeschlin and Diethard Pallaschke",
	booktitle		= "Game theory and related topics",
	booksubtitle	= "{P}roceedings of the seminar on game theory and related topics, {B}onn/{H}agen, 26--29 {S}eptember, 1978",
	pages			= "17--28",
	publisher		= "North-Holland",
	address			= "Amsterdam",
	langid			= "american",
}

@incollection{Benhabib2008,
	author			= "Jess Benhabib",
	year			= "2008",
	title			= "Chaotic dynamics in economics",
	editor			= "Steven N. Durlauf and Lawrence E. Blume",
	booktitle		= "The new {P}algrave dictionary of economics",
	edition			= "2nd",
	publisher		= "Palgrave Macmillan",
	address			= "London",
	url				= "http://www.dictionaryofeconomics.com/article?id=pde2008_C000104",
	langid			= "american",
}

@incollection{BenhabibFarmer1999,
	author			= "Jess Benhabib and Roger E. A. Farmer",
	year			= "1999",
	title			= "Indeterminacy and sunspots in macroeconomics",
	editor			= "John B. Taylor and Michael Woodford",
	booktitle		= "Handbook of macroeconomics",
	volume			= "1",
	chapter			= "6",
	pages			= "387--448",
	publisher		= "North-Holland",
	address			= "Amsterdam",
	langid			= "american",
}

@incollection{BernankeGertlerGilchrist1999,
	author			= "Ben Bernanke and Mark Gertler and Simon Gilchrist",
	year			= "1999",
	title			= "The financial accelerator in a quantitative business cycle framework",
	editor			= "John B. Taylor and Michael Woodford",
	booktitle		= "Handbook of macroeconomics",
	volume			= "1",
	chapter			= "21",
	pages			= "1341--1393",
	publisher		= "North-Holland",
	address			= "Amsterdam",
	langid			= "american",
}

@incollection{Blackwell1951,
	author			= "David Blackwell",
	year			= "1951",
	title			= "Comparison of experiments",
	editor			= "Jerzy Neyman",
	booktitle		= "Proceedings of the second {B}erkeley symposium on mathematical statistics and probability",
	pages			= "93--102",
	publisher		= "University of California Press",
	address			= "Berkeley, CA",
	langid			= "american",
}

@incollection{Brandenburger2003,
	author			= "Adam Brandenburger",
	year			= "2003",
	title			= "On the existence of a `complete' possibility structure",
	editor			= "Nicola Dimitri and Marcello Basili and Itzhak Gilboa",
	booktitle		= "Cognitive processes and economic behavior",
	pages			= "30--34",
	publisher		= "Routledge",
	address			= "London",
	langid			= "american",
}

@incollection{ChangVelasco2000,
	author			= "Roberto Chang and Andrés Velasco",
	year			= "2000",
	title			= "Liquidity crises in emerging markets",
	subtitle		= "Theory and policy",
	editor			= "Ben S. Bernanke and Julio J. Rotemberg",
	booktitle		= "{NBER} macroeconomics annual",
	volume			= "14",
	chapter			= "1",
	pages			= "11--78",
	publisher		= mit,
	address			= "Cambridge, MA",
	langid			= "american",
}

@incollection{ChettyEtAl2012,
	author			= "Raj Chetty and Adam Guren and Day Manoli and Andrea Weber",
	year			= "2012",
	title			= "Does indivisible labor explain the difference between micro and macro elasticities? {A} meta-analysis of extensive margin elasticities",
	editor			= "Daron Acemo\u{g}lu and Jonathan Parker and Michael Woodford",
	booktitle		= "{NBER} macroeconomics annual",
	volume			= "27",
	chapter			= "1",
	pages			= "1--56",
	publisher		= mit,
	address			= "Cambridge, MA",
	langid			= "american",
}

@incollection{ChristianoIkeda2013,
	author			= "Lawrence J. Christiano and Daisuke Ikeda",
	year			= "2013",
	title			= "Government policy, credit markets, and economic activity",
	editor			= "Michael D. Bordo and William Roberds",
	booktitle		= "The origins, history, and future of the {F}ederal {R}eserve",
	booksubtitle	= "A return to {J}ekyll {I}sland",
	chapter			= "5",
	pages			= "226--331",
	publisher		= cup,
	address			= "Cambridge",
	langid			= "american",
}

@incollection{ChristianoTrabandtWalentin2010,
	author			= "Lawrence J. Christiano and Mathias Trabandt and Karl Walentin",
	year			= "2010",
	title			= "{DSGE} models for monetary policy analysis",
	editor			= "Benjamin M. Friedman and Michael Woodford",
	booktitle		= "Handbook of monetary economics",
	volume			= "3",
	chapter			= "7",
	pages			= "285--367",
	publisher		= "North-Holland",
	address			= "Amsterdam",
	langid			= "american",
}

@incollection{Frisch1933,
	author			= "Ragnar Frisch",
	year			= "1933",
	title			= "Propagation and impulse problems in dynamic economics",
	booktitle		= "Economic essays in honor of {G}ustav {C}assel",
	pages			= "171--205",
	publisher		= "George Allen \& Unwin",
	address			= "London",
	langid			= "american",
}

@incollection{GoodfriendKing1997,
	author			= "Marvin Goodfriend and Robert King",
	year			= "1997",
	title			= "The new neoclassical synthesis and the role of monetary policy",
	editor			= "Ben S. Bernanke and Julio Rotemberg",
	booktitle		= "{NBER} macroeconomics annual",
	volume			= "12",
	chapter			= "5",
	pages			= "231--296",
	publisher		= mit,
	address			= "Cambridge, MA",
	langid			= "american",
}

@incollection{HornsteinKrusell1996,
	author			= "Andreas Hornstein and Per Krusell",
	year			= "1996",
	title			= "Can technology improvements cause productivity slowdowns?",
	editor			= "Ben S. Bernanke and Julio Rotemberg",
	booktitle		= "{NBER} macroeconomics annual",
	volume			= "11",
	chapter			= "4",
	pages			= "209--276",
	publisher		= mit,
	address			= "Cambridge, MA",
	langid			= "american",
}

@incollection{Horowitz2001,
	author			= "Joel L. Horowitz",
	year			= "2001",
	title			= "The bootstrap",
	editor			= "James J. Heckman and Edward E. Leamer",
	booktitle		= "Handbook of econometrics",
	volume			= "5",
	chapter			= "52",
	pages			= "3159--3228",
	publisher		= "North-Holland",
	address			= "Amsterdam",
	langid			= "american",
}

@incollection{Koopmans1965,
	author			= "Tjalling C. Koopmans",
	year			= "1965",
	title			= "On the concept of optimal economic growth",
	booktitle		= "The econometric approach to development planning",
	pages			= "225--300",
	publisher		= "North-Holland",
	address			= "Amsterdam",
	langid			= "american",
}

@incollection{Kuhn1953,
	author			= "Harold William Kuhn",
	year			= "1953",
	title			= "Extensive games and the problem of information",
	editor			= "Harold William Kuhn and Albert W. Tucker",
	booktitle		= "Contributions to the theory of games",
	volume			= "2",
	chapter			= "11",
	pages			= "193--216",
	publisher		= pup,
	address			= "Princeton, NJ",
	langid			= "american",
}

@incollection{Marschak1960,
	author			= "Jacob Marschak",
	year			= "1960",
	title			= "Binary-choice constraints and random utility indicators",
	editor			= "Kenneth J. Arrow and Samuel Karlin and Patrick Suppes",
	booktitle		= "Mathematical models in the social sciences, 1959",
	booksubtitle	= "Proceedings of the first {S}tanford symposium",
	chapter			= "21",
	pages			= "312--329",
	publisher		= "Stanford University Press",
	address			= "Stanford, CA",
	langid			= "american",
}

@incollection{Mcfadden1974,
	author			= "Daniel L. {McFadden}",
	year			= "1974",
	title			= "Conditional logit analysis of qualitative choice behavior",
	editor			= "P. Zarembka",
	booktitle		= "Frontiers in econometrics",
	chapter			= "4",
	pages			= "105--142",
	publisher		= "Academic Press",
	address			= "New York, NY",
	langid			= "american",
}

@incollection{Mokyr2005handbook,
	author			= "Joel Mokyr",
	year			= "2005",
	title			= "Long-term economic growth and the history of technology",
	editor			= "Philippe Aghion and Steven N. Durlauf",
	booktitle		= "Handbook of economic growth",
	volume			= "1B",
	chapter			= "17",
	pages			= "1113--1180",
	publisher		= "North-Holland",
	address			= "Amsterdam",
	langid			= "american",
}

@incollection{NeweyMcfadden1994,
	author			= "Whitney K. Newey and Daniel L. {McFadden}",
	year			= "1994",
	title			= "Large sample estimation and hypothesis testing",
	editor			= "Robert F. Engle and Daniel L. {McFadden}",
	booktitle		= "Handbook of econometrics",
	volume			= "4",
	chapter			= "36",
	pages			= "2111--2245",
	publisher		= "North-Holland",
	address			= "Amsterdam",
	langid			= "american",
}

@incollection{Roberts1979,
	author			= "Kevin Roberts",
	year			= "1979",
	title			= "The characterization of implementable choice rules",
	editor			= "Jean-Jacques Laffont",
	booktitle		= "Aggregation and revelation of preferences",
	volume			= "6A",
	pages			= "312--350",
	publisher		= "North-Holland",
	address			= "Amsterdam",
	langid			= "american",
}

@incollection{Rubinstein1979,
	author			= "Ariel Rubinstein",
	year			= "1979",
	title			= "An optimal conviction policy for offenses that may have been committed by accident",
	editor			= "S. J. Brams and A. Schotter and G. Schwödiauer",
	booktitle		= "Applied game theory",
	booksubtitle	= "Proceedings of a conference at the {I}nstitute for {A}dvanced {S}tudies, {V}ienna, {J}une 13--16, 1978",
	pages			= "406--413",
	publisher		= "Springer",
	address			= "Berlin",
	langid			= "american",
}

@incollection{Siniscalchi2008,
	author			= "Marciano Siniscalchi",
	year			= "2008",
	title			= "Epistemic game theory",
	subtitle		= "Beliefs and types",
	editor			= "Steven N. Durlauf and Lawrence E. Blume",
	booktitle		= "The new {P}algrave dictionary of economics",
	volume			= "2",
	pages			= "895--899",
	publisher		= "Palgrave Macmillan",
	address			= "London",
	langid			= "american",
}

@incollection{Solow1960,
	author			= "Robert M. Solow",
	year			= "1960",
	title			= "Investment and technical progress",
	editor			= "Kenneth J. Arrow and Samuel Karlin and Patrick Suppes",
	booktitle		= "Mathematical models in the social sciences, 1959",
	booksubtitle	= "Proceedings of the first {S}tanford symposium",
	chapter			= "7",
	pages			= "89--104",
	publisher		= "Stanford University Press",
	address			= "Stanford, CA",
	langid			= "american",
}

@incollection{Young1992,
	author			= "Alwyn Young",
	year			= "1992",
	title			= "A tale of two cities",
	subtitle		= "Factor accumulation and technological change in {H}ong {K}ong and {S}ingapore",
	editor			= "Olivier J. Blanchard and Stanley Fischer",
	booktitle		= "{NBER} macroeconomics annual",
	volume			= "7",
	chapter			= "1",
	pages			= "13--64",
	publisher		= mit,
	address			= "Cambridge, MA",
	langid			= "american",
}


-----
books

@book{AliprantisBorder2006,
	author		= "Charalambos D. Aliprantis and Kim C. Border",
	year		= "2006",
	title		= "Infinite dimensional analysis",
	subtitle	= "A hitchhiker's guide",
	edition		= "3rd",
	publisher	= "Springer",
	address		= "Berlin",
	langid		= "american",
}

@book{Amemiya1985,
	author		= "Takeshi Amemiya",
	year		= "1985",
	title		= "Advanced econometrics",
	edition		= "",
	publisher	= hup,
	address		= "Cambridge, MA",
	langid		= "american",
}

@book{AndersonMoore1979,
	author		= "Brian D. O. Anderson and John B. Moore",
	year		= "1979",
	title		= "Optimal filtering",
	edition		= "",
	publisher	= "Prentice-Hall",
	address		= "Englewood Cliffs, NJ",
	langid		= "american",
}

@book{AumannMaschler1995,
	author		= "Robert J. Aumann and Michael B. Maschler",
	year		= "1995",
	title		= "Repeated games with incomplete information",
	edition		= "",
	publisher	= mit,
	address		= "Cambridge, MA",
	langid		= "american",
}

@book{Billingsley1995,
	author		= "Patrick Billingsley",
	year		= "1995",
	title		= "Probability and measure",
	edition		= "3rd",
	publisher	= "Wiley",
	address		= "New York, NY",
	langid		= "american",
}

@book{Billingsley1999,
	author		= "Patrick Billingsley",
	year		= "1999",
	title		= "Convergence of probability measures",
	edition		= "2nd",
	publisher	= "Wiley",
	address		= "New York, NY",
	langid		= "american",
}

@book{Binmore2011,
	author		= "Ken Binmore",
	year		= "2011",
	title		= "Rational decisions",
	edition		= "",
	publisher	= pup,
	address		= "Princeton, NJ",
	langid		= "american",
}

@book{BlanchardFischer1989,
	author		= "Olivier Jean Blanchard and Stanley Fischer",
	year		= "1989",
	title		= "Lectures on macroeconomics",
	edition		= "",
	publisher	= mit,
	address		= "Cambridge, MA",
	langid		= "american",
}

@book{Boserup1970,
	author		= "Ester Boserup",
	year		= "1970",
	title		= "Woman's [sic.] role in economic development",
	publisher	= "Allen \& Unwin",
	address		= "London",
	langid		= "american",
}

@book{CameronTrivedi2005,
	author		= "A. Colin Cameron and Pravin K. Trivedi",
	year		= "2005",
	title		= "Microeconometrics",
	subtitle	= "Methods and applications",
	edition		= "",
	publisher	= cup,
	address		= "Cambridge",
	langid		= "american",
}

@book{Debreu1959,
	author		= "Gerard Debreu",
	year		= "1959",
	title		= "Theory of value",
	edition		= "",
	publisher	= "Yale University Press",
	address		= "New Haven, CT",
	langid		= "american",
}

@book{Dudley2004,
	author		= "R. M. Dudley",
	year		= "2004",
	title		= "Real analysis and probability",
	edition		= "",
	publisher	= cup,
	address		= "Cambridge",
	langid		= "american",
}

@book{DegrootSchervish2012,
	author		= "Morris H. {DeGroot} and Mark J. Schervish",
	year		= "2012",
	title		= "Probability and statistics",
	edition		= "4th",
	publisher	= "Addison-Wesley",
	address		= "Boston, MA",
	langid		= "american",
}

@book{Durrett2010,
	author		= "Rick Durrett",
	year		= "2010",
	title		= "Probability",
	subtitle	= "Theory and examples",
	edition		= "4th",
	publisher	= cup,
	address		= "Cambridge",
	langid		= "american",
}

@book{Folland1999,
	author		= "Gerald B. Folland",
	year		= "1999",
	title		= "Real analysis",
	subtitle	= "Modern techniques and their applications",
	edition		= "2nd",
	publisher	= "Wiley",
	address		= "New York, NY",
	langid		= "american",
}

@book{Friedman1953,
	author		= "Milton Friedman",
	year		= "1953",
	title		= "Essays in positive economics",
	edition		= "",
	publisher	= "University of Chicago Press",
	address		= "Chicago, IL",
	langid		= "american",
}

@book{FudenbergTirole1991,
	author		= "Drew Fudenberg and Jean Tirole",
	year		= "1991",
	title		= "Game theory",
	edition		= "",
	publisher	= mit,
	address		= "Cambridge, MA",
	langid		= "american",
}

@book{Gali2008,
	author		= "Jordi Galí",
	year		= "2008",
	title		= "Monetary policy, inflation, and the business cycle",
	edition		= "",
	publisher	= pup,
	address		= "Princeton, NJ",
	langid		= "american",
}

@book{Gali2011book,
	author		= "Jordi Galí",
	year		= "2011",
	title		= "Unemployment fluctuations and stabilization policies",
	subtitle	= "A new {K}eynesian perspective",
	edition		= "",
	publisher	= mit,
	address		= "Cambridge, MA",
	langid		= "american",
}

@book{GnedenkoKolmogorov1954,
	author		= "B. V. Gnedenko and A. N. Kolmogorov",
	year		= "1954",
	title		= "Limit distributions for sums of independent random variables",
	edition		= "",
	publisher	= "Addison-Wesley",
	address		= "Cambridge, MA",
	langid		= "american",
}

@book{Gordon1990,
	author		= "Robert J. Gordon",
	year		= "1990",
	title		= "The measurement of durable goods prices",
	edition		= "",
	publisher	= "University of Chicago Press",
	address		= "Chicago, IL",
	langid		= "american",
}

@book{Hamilton1994,
	author		= "James D. Hamilton",
	year		= "1994",
	title		= "Time series analysis",
	edition		= "",
	publisher	= pup,
	address		= "Princeton, NJ",
	langid		= "american",
}

@unpublished{Hansen2016,
	author		= "Bruce E. Hansen",
	year		= "2016",
	title		= "Econometrics",
	note		= "Book manuscript, 14 Jan 2016, available at http://www.ssc.wisc.edu/$\sim$bhansen/econometrics/",
	langid		= "american",
}

@book{Hayashi2000,
	author		= "Fumio Hayashi",
	year		= "2000",
	title		= "Econometrics",
	edition		= "",
	publisher	= pup,
	address		= "Princeton, NJ",
	langid		= "american",
}

@book{Hume2011,
	author		= "David Hume",
	year		= "2011",
	title		= "A treatise of human nature",
	edition		= "Revised",
	publisher	= oup,
	address		= "Oxford",
	langid		= "british",
}

@book{IbragimovHasminskii1981,
	author		= "Il'dar Abdulovich Ibragimov and Rafail Has'minskii",
	year		= "1981",
	title		= "Statistical estimation",
	subtitle	= "Asymptotic theory",
	edition		= "",
	publisher	= "Springer",
	address		= "Berlin",
	langid		= "american",
}

@book{Karlin1968,
	author		= "Samuel Karlin",
	year		= "1968",
	title		= "Total positivity, Vol. I",
	edition		= "",
	publisher	= "Stanford University Press",
	address		= "Stanford, CA",
	langid		= "american",
}

@book{Keynes1936,
	author		= "John Maynard Keynes",
	year		= "1936",
	title		= "The general theory of employment, interest and money",
	edition		= "",
	publisher	= "Palgrave Macmillan",
	address		= "London",
	langid		= "british",
}

@book{Knuth1976,
	author		= "Donald E. Knuth",
	year		= "1976",
	title		= "Mariages stables et leurs relations avec d'autres problèmes combinatoires",
	subtitle	= "Introduction à l'analyse mathématique des algorithmes",
	edition		= "",
	publisher	= "Les Presses de l'Université de Montréal",
	address		= "Montréal",
	langid		= "french",
}

@book{KolmogorovFomin1975,
	author		= "A. N. Kolmogorov and S. V. Fomin",
	year		= "1975",
	title		= "Introductory real analysis",
	edition		= "",
	publisher	= "Dover",
	address		= "New York, NY",
	langid		= "american",
}

@book{Kreps1988,
	author		= "David M. Kreps",
	year		= "1988",
	title		= "Notes on the theory of choice",
	edition		= "",
	publisher	= "Westview",
	address		= "Boulder, CO",
	langid		= "american",
}

@book{Kreps2012,
	author		= "David M. Kreps",
	year		= "2012",
	title		= "Microeconomic foundations {I}",
	subtitle	= "Choice and competitive markets",
	edition		= "",
	publisher	= oup,
	address		= "Oxford",
	langid		= "american",
}

@book{Krishna2010,
	author		= "Vijay Krishna",
	year		= "2010",
	title		= "Auction theory",
	edition		= "2nd",
	publisher	= "Academic Press",
	address		= "Amsterdam",
	langid		= "american",
}

@book{Lewis1969,
	author		= "David Lewis",
	year		= "1969",
	title		= "Convention",
	edition		= "",
	publisher	= hup,
	address		= "Cambridge, MA",
	langid		= "american",
}

@book{LjungqvistSargent2012,
	author		= "Lars Ljungqvist and Thomas J. Sargent",
	year		= "2012",
	title		= "Recursive macroeconomic theory",
	edition		= "3rd",
	publisher	= mit,
	address		= "Cambridge, MA",
	langid		= "american",
}

@book{MailathSamuelson2006,
	author		= "George J. Mailath and Larry Samuelson",
	year		= "2006",
	title		= "Repeated games and reputations",
	subtitle	= "Long-run relationships",
	edition		= "",
	publisher	= oup,
	address		= "Oxford",
	langid		= "american",
}

@book{Manski2007,
	author		= "Charles F. Manski",
	year		= "2007",
	title		= "Identification for prediction and decision",
	edition		= "",
	publisher	= hup,
	address		= "Cambridge, MA",
	langid		= "american",
}

@book{MascolellWhinstonGreen1995,
	author		= "Andreu Mas-Colell and Michael Whinston and Jerry R. Green",
	year		= "1995",
	title		= "Microeconomic theory",
	edition		= "",
	publisher	= oup,
	address		= "Oxford",
	langid		= "american",
}

@book{MaschlerSolanZamir2013,
	author		= "Michael Maschler and Eilon Solan and Shmuel Zamir",
	year		= "2013",
	title		= "Game theory",
	edition		= "",
	publisher	= cup,
	address		= "Cambridge",
	langid		= "american",
}

@book{MertensSorinZamir2015,
	author		= "Jean-Françios Mertens and Sylvain Sorin and Shmuel Zamir",
	year		= "2015",
	title		= "Repeated games",
	edition		= "",
	publisher	= cup,
	address		= "Cambridge",
	langid		= "american",
}

@book{Mokyr2002,
	author		= "Joel Mokyr",
	year		= "2002",
	title		= "The gifts of {A}thena",
	subtitle	= "Historical origins of the knowledge economy",
	edition		= "",
	publisher	= pup,
	address		= "Princeton, NJ",
	langid		= "american",
}

@book{Myerson1991,
	author		= "Roger B. Myerson",
	year		= "1991",
	title		= "Game theory",
	subtitle	= "Analysis of conflict",
	edition		= "",
	publisher	= hup,
	address		= "Cambridge, MA",
	langid		= "american",
}

@book{NordhausBoyer2000,
	author		= "William D. Nordhaus and Joseph Boyer",
	year		= "2000",
	title		= "Warming the world",
	subtitle	= "Economic models of global warming",
	edition		= "",
	publisher	= mit,
	address		= "Cambridge, MA",
	langid		= "american",
}

@book{OsborneRubinstein1994,
	author		= "Martin J. Osborne and Ariel Rubinstein",
	year		= "1994",
	title		= "A course in game theory",
	edition		= "",
	publisher	= mit,
	address		= "Cambridge, MA",
	langid		= "american",
}

@book{ParentePrescott2000,
	author		= "Stephen L. Parente and Edward C. Prescott",
	year		= "2000",
	title		= "Barriers to riches",
	edition		= "",
	publisher	= mit,
	address		= "Cambridge, MA",
	langid		= "american",
}

@book{Pigou1927,
	author		= "Arthur Cecil Pigou",
	year		= "1927",
	title		= "Industrial fluctuations",
	edition		= "",
	publisher	= "Macmillan",
	address		= "London",
	langid		= "british",
}

@book{Rao1973,
	author		= "C. Radhakrishna Rao",
	year		= "1973",
	title		= "Linear statistical inference and its applications",
	edition		= "2nd",
	publisher	= "Wiley",
	address		= "New York, NY",
	langid		= "american",
}

@book{Rockafellar1970,
	author		= "R. Tyrell Rockafellar",
	year		= "1970",
	title		= "Convex analysis",
	edition		= "",
	publisher	= pup,
	address		= "Princeton, NJ",
	langid		= "american",
}

@book{Rosenthal2006,
	author		= "Jeffrey S. Rosenthal",
	year		= "2006",
	title		= "A first look at rigorous probability theory",
	edition		= "2nd",
	publisher	= "World Scientific",
	address		= "Singapore",
	langid		= "american",
}

@book{Savage1954,
	author		= "Leonard J. Savage",
	year		= "1954",
	title		= "The foundations of statistics",
	edition		= "",
	publisher	= "Wiley",
	address		= "New York, NY",
	langid		= "american",
}

@book{Savage1972,
	author		= "Leonard J. Savage",
	year		= "1972",
	title		= "The foundations of statistics",
	edition		= "2nd revised",
	publisher	= "Dover",
	address		= "New York, NY",
	langid		= "american",
}

@book{Schelling1980,
	author		= "Thomas C. Schelling",
	year		= "1980",
	title		= "The strategy of conflict",
	edition		= "Revised",
	publisher	= hup,
	address		= "Cambridge, MA",
	langid		= "american",
}

@book{Serfling1980,
	author		= "Robert J. Serfling",
	year		= "1980",
	title		= "Approximation theorems of mathematical statistics",
	edition		= "",
	publisher	= "Wiley",
	address		= "New York, NY",
	langid		= "american",
}

@book{Smith1776,
	author		= "Adam Smith",
	year		= "1776",
	title		= "An inquiry into the nature and causes of the wealth of nations",
	edition		= "",
	publisher	= "W. Strahan and T. Cadell",
	address		= "London",
	langid		= "british",
}

@book{Sorin2002,
	author		= "Sylvain Sorin",
	year		= "2002",
	title		= "A first course on zero-sum repeated games",
	edition		= "",
	publisher	= "Springer",
	address		= "Berlin",
	langid		= "american",
}

@book{StokeyLucasPrescott1989,
	author		= "Nancy L. Stokey and Robert E. Lucas and Edward C. Prescott",
	year		= "1989",
	title		= "Recursive methods in economic dynamics",
	edition		= "",
	publisher	= hup,
	address		= "Cambridge, MA",
	langid		= "american",
}

@book{SeierstadSydsaeter1987,
	author		= "Atle Seierstad and Knut Sydsæter",
	year		= "1987",
	title		= "Optimal control theory with economic applications",
	edition		= "",
	publisher	= "North-Holland",
	address		= "Amsterdam",
	langid		= "american",
}

@book{Tadelis2013,
	author		= "Steven Tadelis",
	year		= "2013",
	title		= "Game theory",
	subtitle	= "An introduction",
	edition		= "",
	publisher	= pup,
	address		= "Princeton, NJ",
	langid		= "american",
}

@book{Topkis1998,
	author		= "Donald M. Topkis",
	year		= "1998",
	title		= "Supermodularity and complementarity",
	edition		= "",
	publisher	= pup,
	address		= "Princeton, NJ",
	langid		= "american",
}

@book{Vohra2011,
	author		= "Rakesh V. Vohra",
	year		= "2011",
	title		= "Mechanism design",
	subtitle	= "A linear programming approach",
	edition		= "",
	publisher	= cup,
	address		= "Cambridge",
	langid		= "american",
}

@book{VonneumannMorgenstern1947,
	author		= "John {von Neumann} and Oskar Morgenstern",
	year		= "1947",
	title		= "Theory of games and economic behavior",
	edition		= "2nd",
	publisher	= pup,
	address		= "Princeton, NJ",
	langid		= "american",
}

@book{White2001,
	author		= "Halbert White",
	year		= "2001",
	title		= "Asymptotic theory for econometricians",
	edition		= "Revised",
	publisher	= "Academic Press",
	address		= "San Diego, CA",
	langid		= "american",
}

@book{Williams1991,
	author		= "David Williams",
	year		= "1991",
	title		= "Probability with martingales",
	edition		= "",
	publisher	= cup,
	address		= "Cambridge",
	langid		= "american",
}

@book{Williamson1975,
	author		= "Oliver E. Williamson",
	year		= "1975",
	title		= "Markets and hierarchies",
	subtitle	= "Analysis and antitrust implications",
	edition		= "",
	publisher	= "Free Press",
	address		= "New York, NY",
	langid		= "american",
}

@book{Williamson1985,
	author		= "Oliver E. Williamson",
	year		= "1985",
	title		= "The economic institutions of capitalism",
	edition		= "",
	publisher	= "Free Press",
	address		= "New York, NY",
	langid		= "american",
}

@book{Young1998,
	author		= "H. Peyton Young",
	year		= "1998",
	title		= "Individual strategy and social structure",
	subtitle	= "An evolutionary theory of institutions",
	edition		= "",
	publisher	= pup,
	address		= "Princeton, NJ",
	langid		= "american",
}

@book{Young2004,
	author		= "H. Peyton Young",
	year		= "2004",
	title		= "Strategic learning and its limits",
	edition		= "",
	publisher	= oup,
	address		= "Oxford",
	langid		= "american",
}


-------------------
lecture notes, etc.

@unpublished{Wilcoxen2003,
	author		= "Peter J. Wilcoxen",
	year		= "2003",
	title		= "Quick reference guide to common functional forms",
	note		= "Available at http://\allowbreak www.\allowbreak wilcoxen.\allowbreak maxwell.\allowbreak insightworks.\allowbreak com/\allowbreak pages/\allowbreak 783/\allowbreak forms.\allowbreak pdf",
	langid		= "american",
}

